@inproceedings{
anonymous2024feynman,
title={Feynman: Knowledge-Infused Diagramming Agent for Scaling Visual Reasoning Data},
author={Anonymous},
booktitle={Submitted to The Thirteenth International Conference on Learning Representations},
year={2024},
url={https://openreview.net/forum?id=jNmsuEE4Gf},
note={under review}
}

@online{penrose-discord,
  key = {\Penrose Discord Server},
  title = {\Penrose Discord Server},
  url = {https://discord.gg/a7VXJU4dfR},
}

@online{penrose-blog,
  key = {\Penrose Blog},
  title = {\Penrose Blog},
  url = {https://penrose.cs.cmu.edu/blog},
}

@online{penrose-npm,
  key = {\Penrose Packages},
  title = {List of \Penrose Packages on NPM},
  url = {https://www.npmjs.com/~penrose-team},
} 
 
@online{penrose-repo,
  key = {\Penrose Repository},
  title = {The \texttt{penrose} GitHub Repository},
  url = {https://github.com/penrose/penrose},
} 

@online{penrose-homepage,
  key = {\Penrose Homepage},
  title = {\Penrose Homepage},
  url = {https://penrose.cs.cmu.edu/},
} 

@online{penrose-tutorial,
  key = {\Penrose Tutorial},
  title = {\Penrose Tutorial},
  url = {https://penrose.cs.cmu.edu/docs/tutorial/welcome},
} 

@online{penrose-docs,
  key = {\Penrose Documentation},
  title = {\Penrose Documentation},
  url = {https://penrose.cs.cmu.edu/docs/ref},
} 
@online{penrose-ide,
  key = {\Penrose IDE},
  title = {\Penrose Online IDE},
  url = {https://penrose.cs.cmu.edu/try},
} 
