@article{pictureAlgebra,
    title = {{A Cognitive Task Analysis of Using Pictures To Support Pre-Algebraic Reasoning}},
    year = {2019},
    journal = {Proceedings of the Twenty-Fourth Annual Conference of the Cognitive Science Society},
    author = {Koedinger, Kenneth R. and Terao, Atsushi},
    month = {4},
    pages = {542--547},
    publisher = {Routledge},
    isbn = {9781315782379},
    doi = {10.4324/9781315782379-129}
}

@article{Rau2017,
    title = {{A Framework for Educational Technologies that Support Representational Competencies}},
    year = {2017},
    journal = {IEEE Transactions on Learning Technologies},
    author = {Rau, Martina Angela},
    number = {3},
    month = {7},
    pages = {290--305},
    volume = {10},
    publisher = {Institute of Electrical and Electronics Engineers},
    doi = {10.1109/TLT.2016.2623303},
    issn = {19391382},
    keywords = {Educational technologies, discipline-based research, multiple representations, representational competencies}
}

@inproceedings{nota,
    title = {{A New Medium for Communicating Research on Programming Languages}},
    year = {2020},
    booktitle = {11th Workshop on Evaluation and Usability of Programming Languages and Tools (PLATEAU 2020)},
    author = {{Will Crichton}},
    url = {https://willcrichton.net/nota/},
    address = {Virtual}
}

@article{exteriorPoint,
    title = {{A Primal-Dual Exterior Point Method for Nonlinear Optimization}},
    year = {2010},
    journal = {http://dx.doi.org/10.1137/060676970},
    author = {Hiroshi, Yamashita and Tanabe, Takahito},
    number = {6},
    month = {11},
    pages = {3335--3363},
    volume = {20},
    publisher = {Society for Industrial and Applied Mathematics},
    url = {https://epubs.siam.org/doi/abs/10.1137/060676970},
    doi = {10.1137/060676970},
    issn = {10526234},
    keywords = {49M37, 90C30, exterior point method, parametric programming, primal-dual method, warm start}
}

@article{Gibson2013,
    title = {{A survey of two-dimensional graph layout techniques for information visualisation}},
    year = {2013},
    journal = {Information Visualization},
    author = {Gibson, Helen and Faith, Joe and Vickers, Paul},
    number = {3-4},
    month = {7},
    pages = {324--357},
    volume = {12},
    publisher = {SAGE PublicationsSage UK: London, England},
    url = {https://journals.sagepub.com/doi/full/10.1177/1473871612455749?casa_token=WoeybsA_rOsAAAAA%3AsyIoUVr6NizrS9wzs9jEEMCeEBRrqanoOiph4lD1ZpgOgggSTGXlFXXKRJP-jep--sisiTiduVFo},
    doi = {10.1177/1473871612455749/ASSET/IMAGES/LARGE/10.1177{\_}1473871612455749-FIG19.JPEG},
    issn = {14738716},
    keywords = {2D, Force-directed layout, Graph and network visualisation, Graph layout, Multi-attribute visualisation, Network layout visualisation}
}

@article{Bille2005,
    title = {{A survey on tree edit distance and related problems}},
    year = {2005},
    journal = {Theoretical Computer Science},
    author = {Bille, Philip},
    number = {1-3},
    month = {6},
    pages = {217--239},
    volume = {337},
    publisher = {Elsevier},
    doi = {10.1016/j.tcs.2004.12.030},
    issn = {03043975},
    keywords = {Tree alignment, Tree edit distance, Tree inclusion, Tree matching}
}

@book{bloomRevised,
    title = {{A taxonomy for learning, teaching, and assessing: A revision of Bloom's taxonomy of educational objectives}},
    year = {2009},
    author = {Krathwohl, David R and Anderson, Lorin W},
    publisher = {Longman}
}

@article{Koedinger1990a,
    title = {{Abstract planning and perceptual chunks: Elements of expertise in geometry}},
    year = {1990},
    journal = {Cognitive Science},
    author = {Koedinger, K},
    number = {4},
    month = {12},
    pages = {511--550},
    volume = {14},
    publisher = {No longer published by Elsevier},
    url = {http://doi.wiley.com/10.1016/0364-0213(90)90008-K},
    doi = {10.1016/0364-0213(90)90008-K},
    issn = {03640213}
}

@inproceedings{Nawrocki2023,
    title = {{An Extensible User Interface for Lean 4}},
    year = {2023},
    booktitle = {14th International Conference on Interactive Theorem Proving},
    author = {Nawrocki, Wojciech and Ayers, Edward W. and Ebner, Gabriel},
    month = {7},
    series = {ITP 2023},
    volume = {268},
    publisher = {Schloss Dagstuhl- Leibniz-Zentrum fur Informatik GmbH, Dagstuhl Publishing},
    url = {https://github.com/EdAyers/ProofWidgets4/tree/itp23},
    address = {Bia{\l}ystok},
    isbn = {9783959772846},
    doi = {10.4230/LIPIcs.ITP.2023.24},
    issn = {18688969},
    keywords = {Lean, human-computer interaction, user interfaces}
}

@article{machineTeaching,
    title = {{An Interaction Design for Machine Teaching to Develop AI Tutors}},
    year = {2020},
    journal = {Conference on Human Factors in Computing Systems - Proceedings},
    author = {Weitekamp, Daniel and Harpstead, Erik and Koedinger, Ken R.},
    month = {4},
    publisher = {Association for Computing Machinery},
    url = {http://dx.doi.org/10.1145/3313831.3376226},
    isbn = {9781450367080},
    doi = {10.1145/3313831.3376226}
}

@article{Sun2023,
    title = {{Application of Mathematical Optimization in Data Visualization and Visual Analytics: A Survey}},
    year = {2023},
    journal = {IEEE Transactions on Big Data},
    author = {Sun, Guodao and Zhu, Zihao and Zhang, Gefei and Xu, Chaoqing and Wang, Yunchao and Zhu, Sujia and Chang, Baofeng and Liang, Ronghua},
    number = {4},
    month = {8},
    pages = {1018--1037},
    volume = {9},
    publisher = {Institute of Electrical and Electronics Engineers Inc.},
    doi = {10.1109/TBDATA.2023.3262151},
    issn = {23327790},
    keywords = {Data visualization, mathematical optimization, scientific visualization, visual analytics}
}

@article{Dyer22,
    title = {{Applying cognitive principles to model-finding output: The positive value of negative information}},
    year = {2022},
    journal = {Proceedings of the ACM on Programming Languages},
    author = {Dyer, Tristan and Nelson, Tim and Fisler, Kathi and Krishnamurthi, Shriram},
    number = {OOPSLA1},
    month = {4},
    volume = {6},
    publisher = {ACM PUB27 New York, NY, USA},
    url = {https://dl.acm.org/doi/10.1145/3527323},
    doi = {10.1145/3527323},
    issn = {24751421},
    keywords = {Alloy, cognitive science, model finding, user studies}
}

@article{Pane1996a,
    title = {{Assessing dynamics in computer-based instruction}},
    year = {1996},
    journal = {Conference on Human Factors in Computing Systems - Proceedings},
    author = {Pane, John F. and Corbett, Albert T. and John, Bonnie E.},
    pages = {197--204},
    publisher = {ACM},
    doi = {10.1145/238386.238482},
    keywords = {animation, computer-based leaming, multimedia, simulation}
}

@article{AnShengwei2019,
    title = {{Augmented example-based synthesis using relational perturbation properties}},
    year = {2019},
    journal = {Proceedings of the ACM on Programming Languages},
    author = {{AnShengwei} and {SinghRishabh} and {MisailovicSasa} and {SamantaRoopsha}},
    number = {POPL},
    month = {12},
    volume = {4},
    publisher = {{\\\}		ACM{\\\}		PUB27{\\\}		New York, NY, USA{\\\}	},
    url = {https://dl.acm.org/doi/abs/10.1145/3371124},
    doi = {10.1145/3371124},
    keywords = {Ambiguity-resolution, Example-based Synthesis, Program Synthesis}
}

@article{scholarPhi,
    title = {{Augmenting scientific papers with just-in-time, position-sensitive definitions of terms and symbols}},
    year = {2021},
    journal = {Conference on Human Factors in Computing Systems - Proceedings},
    author = {Head, Andrew and Lo, Kyle and Kang, Dongyeop and Fok, Raymond and Skjonsberg, Sam and Weld, Daniel S and Hearst, Marti A},
    month = {5},
    publisher = {Association for Computing Machinery},
    url = {https://doi.org/10.1145/3411764.3445648},
    isbn = {9781450380966},
    doi = {10.1145/3411764.3445648},
    arxivId = {2009.14237},
    keywords = {Defnitions, Interactive documents, Nonce words, Reading interfaces, Scientifc papers}
}

@article{Mesbah2012,
    title = {{Automated analysis of CSS rules to support style maintenance}},
    year = {2012},
    journal = {Proceedings - International Conference on Software Engineering},
    author = {Mesbah, Ali and Mirshokraie, Shabnam},
    pages = {408--418},
    isbn = {9781467310673},
    doi = {10.1109/ICSE.2012.6227174},
    issn = {02705257},
    keywords = {CSS, Cascading style sheets, dynamic analysis, software maintenance, web applications}
}

@article{VanKreveld2005,
    title = {{AUTOMATED LABEL PLACEMENT FOR GROUPS OF ISLANDS}},
    year = {2005},
    author = {Van Kreveld, Marc and Schlechter, Tim}
}

@inproceedings{Wang2015,
    title = {{Automatic generation of Raven's progressive Matrices}},
    year = {2015},
    booktitle = {IJCAI International Joint Conference on Artificial Intelligence},
    author = {Wang, Ke and Su, Zhendong},
    pages = {903--909},
    volume = {2015-Janua},
    isbn = {9781577357384},
    issn = {10450823},
    keywords = {Reasoning, Technical Papers — Knowledge Representation, and Logic}
}

@article{Weitzman1994,
    title = {{Automatic presentation of multimedia documents using relational grammars}},
    year = {1994},
    journal = {Proceedings of the 2nd ACM International Conference on Multimedia, MULTIMEDIA 1994},
    author = {Weitzman, Louis and Wittenburg, Kent},
    month = {10},
    pages = {443--451},
    publisher = {Association for Computing Machinery, Inc},
    doi = {10.1145/192593.192718},
    keywords = {Automatic design, Constraints, Grammar-directed design, Parsing, Relational grammars, Visual languages}
}

@article{Singh2012,
    title = {{Automatically Generating Algebra Problems}},
    year = {2012},
    journal = {Proceedings of the AAAI Conference on Artificial Intelligence},
    author = {Singh, Rohit and Gulwani, Sumit and Rajamani, Sriram},
    number = {1},
    pages = {1620--1628},
    volume = {26},
    url = {https://ojs.aaai.org/index.php/AAAI/article/view/8341},
    isbn = {9781577355687},
    doi = {10.1609/AAAI.V26I1.8341},
    issn = {2374-3468},
    keywords = {Aided Education, Computer, HCI, Synthesis}
}

@inproceedings{synthDeduction,
    title = {{Automatically Generating Problems and Solutions for Natural Deduction}},
    year = {2013},
    booktitle = {IJCAI '13 Proceedings of the Twenty-Third international joint conference on Artificial Intelligence},
    author = {Ahmed, Umair Z and Gulwani, Sumit and Karkare, Amey},
    edition = {IJCAI '13},
    month = {8},
    pages = {1968--1975},
    url = {https://www.microsoft.com/en-us/research/publication/automatically-generating-problems-solutions-natural-deduction/},
    isbn = {978-1-57735-633-2}
}

@misc{belouadi2024automatikz,
    title = {{AutomaTikZ: Text-Guided Synthesis of Scientific Vector Graphics with TikZ}},
    year = {2024},
    author = {Belouadi, Jonas and Lauscher, Anne and Eger, Steffen},
    arxivId = {cs.CL/2310.00367}
}

@article{Kern2008,
    title = {{Automation and the map label placement problem: A comparison of two GIS implementations of label placement}},
    year = {2008},
    journal = {Cartographic Perspectives},
    author = {Kern, Jill Phelps and Brewer, Cynthia A.},
    number = {60},
    pages = {22--45},
    publisher = {NACIS (North American Cartographic Information Society)},
    url = {https://www.researchgate.net/publication/270591240_Automation_and_the_Map_Label_Placement_Problem},
    doi = {10.14714/CP60.230},
    issn = {10489053},
    keywords = {Automated label placement, GIS mapping, Map design, Map label placement, Utility map labeling}
}

@article{Allen-Zhu2020,
    title = {{Backward Feature Correction: How Deep Learning Performs Deep Learning}},
    year = {2020},
    author = {Allen-Zhu, Zeyuan and Research, Microsoft and Li, Redmond Yuanzhi},
    month = {1},
    url = {https://arxiv.org/abs/2001.04413v5},
    isbn = {2001.04413v5},
    doi = {10.48550/arxiv.2001.04413},
    arxivId = {2001.04413}
}

@article{MayerMikael2018,
    title = {{Bidirectional evaluation with direct manipulation}},
    year = {2018},
    journal = {Proceedings of the ACM on Programming Languages},
    author = {{Mayer Mika{\"{e}}l} and {Kuncak Viktor} and {Chugh Ravi}},
    number = {OOPSLA},
    month = {10},
    pages = {1--28},
    volume = {2},
    publisher = {{\\\}		ACM{\\\}		PUB27{\\\}		New York, NY, USA{\\\}	},
    url = {https://dl.acm.org/doi/abs/10.1145/3276497},
    doi = {10.1145/3276497},
    keywords = {Bidirectional Programming, Direct Manipulation, Sketch-n-Sketch}
}

@article{chunkingModels,
    title = {{Chunking models of expertise: implications for education}},
    year = {2005},
    journal = {Applied Cognitive Psychology},
    author = {Gobet, Fernand},
    number = {2},
    month = {3},
    pages = {183--204},
    volume = {19},
    publisher = {John Wiley {\&} Sons, Ltd},
    doi = {10.1002/ACP.1110},
    issn = {1099-0720}
}

@article{Nathan2007a,
    title = {{Combinators for bidirectional tree transformations}},
    year = {2007},
    journal = {ACM Transactions on Programming Languages and Systems (TOPLAS)},
    author = {Nathan, FosterJ. and B., GreenwaldMichael and T., MooreJonathan and C., PierceBenjamin and {SchmittAlan}},
    number = {3},
    month = {5},
    volume = {29},
    publisher = {{\\\}		ACM{\\\}		PUB27{\\\}		New York, NY, USA{\\\}	},
    url = {https://dl.acm.org/doi/abs/10.1145/1232420.1232424},
    doi = {10.1145/1232420.1232424},
    keywords = {Bidirectional programming, Harmony, XML, lenses, view update problem}
}

@inproceedings{wilson2005combining,
    title = {{Combining dynamic geometry, automated geometry theorem proving and diagrammatic proofs}},
    year = {2005},
    booktitle = {Workshop on User Interfaces for Theorem Provers (UITP)},
    author = {Wilson, Sean and Fleuriot, Jacques D}
}

@article{cotraining,
    title = {{Combining labeled and unlabeled data with co-training}},
    year = {1998},
    journal = {Proceedings of the Annual ACM Conference on Computational Learning Theory},
    author = {Blum, Avrim and Mitchell, Tom},
    pages = {92--100},
    publisher = {ACM},
    doi = {10.1145/279943.279962}
}

@phdthesis{multipleReps,
    title = {{Conceptual learning with multiple graphical representations: Intelligent tutoring systems support for sense-making and fluency-building processes}},
    year = {2013},
    author = {Rau, Martina A},
    school = {Carnegie Mellon University}
}

@article{Knoblich1999,
    title = {{Constraint Relaxation and Chunk Decomposition in Insight Problem Solving}},
    year = {1999},
    journal = {Journal of Experimental Psychology: Learning Memory and Cognition},
    author = {Knoblich, Günther and Ohlsson, Stellan and Haider, Hilde and Rhenius, Detlef},
    number = {6},
    pages = {1534--1555},
    volume = {25},
    publisher = {American Psychological Association Inc.},
    url = {/record/1999-01477-011},
    doi = {10.1037/0278-7393.25.6.1534},
    issn = {02787393}
}

@book{convexOptimization,
    title = {{Convex optimization}},
    year = {2004},
    author = {Boyd, Stephen and Boyd, Stephen P and Vandenberghe, Lieven},
    publisher = {Cambridge university press}
}

@article{VisualexplanationsImprovesLearning,
    title = {{Creating visual explanations improves learning}},
    year = {2016},
    journal = {Cognitive Research: Principles and Implications},
    author = {Bobek, Eliza and Tversky, Barbara},
    number = {1},
    month = {12},
    pages = {1--14},
    volume = {1},
    publisher = {Springer},
    url = {https://cognitiveresearchjournal.springeropen.com/articles/10.1186/s41235-016-0031-6},
    doi = {10.1186/S41235-016-0031-6/FIGURES/7},
    issn = {23657464},
    keywords = {Complex system, Diagrammatic reasoning, Dynamic system, Learning, Process, STEM, Spatial ability, Structure, Visual communication}
}

@article{datavizCriticalReflection,
    title = {{Critical reflections on visualization authoring systems}},
    year = {2020},
    journal = {IEEE Transactions on Visualization and Computer Graphics},
    author = {Satyanarayan, Arvind and Lee, Bongshin and Ren, Donghao and Heer, Jeffrey and Stasko, John and Thompson, John and Brehmer, Matthew and Liu, Zhicheng},
    number = {1},
    month = {1},
    pages = {461--471},
    volume = {26},
    publisher = {IEEE Computer Society},
    doi = {10.1109/TVCG.2019.2934281},
    issn = {19410506},
    pmid = {31442976},
    arxivId = {1907.13568},
    keywords = {Critical reflection, Expressivity, Learnability, Reusability, Visualization authoring}
}

@inproceedings{Chen2022,
    title = {{CrossData: Leveraging Text-Data Connections for Authoring Data Documents}},
    year = {2022},
    booktitle = {Conference on Human Factors in Computing Systems - Proceedings},
    author = {Chen, Zhutian and Xia, Haijun},
    month = {4},
    publisher = {Association for Computing Machinery},
    url = {https://dl.acm.org/doi/10.1145/3491102.3517485},
    isbn = {9781450391573},
    doi = {10.1145/3491102.3517485},
    keywords = {Data Document, Interactive Article, Language-oriented Authoring, Natural Language Processing, Text-based Editing}
}

@article{d3,
    title = {{D3 data-driven documents}},
    year = {2011},
    journal = {IEEE Transactions on Visualization and Computer Graphics},
    author = {Bostock, Michael and Ogievetsky, Vadim and Heer, Jeffrey},
    number = {12},
    pages = {2301--2309},
    volume = {17},
    doi = {10.1109/TVCG.2011.185},
    issn = {10772626},
    keywords = {2D graphics., Information visualization, toolkits, user interfaces}
}

@inproceedings{dataTheater,
    title = {{Data Theater: A Live Programming Environment for Prototyping Data-Driven Explorable Explanations}},
    year = {2020},
    booktitle = {Workshop on Live Programming (LIVE)},
    author = {Lau, Sam and Guo, Philip J},
    url = {https://par.nsf.gov/biblio/10210727}
}

@inproceedings{vega,
    title = {{Declarative interaction design for data visualization}},
    year = {2014},
    booktitle = {UIST 2014 - Proceedings of the 27th Annual ACM Symposium on User Interface Software and Technology},
    author = {Satyanarayan, Arvind and Wongsuphasawat, Kanit and Heer, Jeffrey},
    pages = {669--678},
    publisher = {ACM},
    url = {http://dx.doi.org/10.1145/2642918.2647360},
    address = {New York, NY, USA},
    isbn = {9781450330695},
    doi = {10.1145/2642918.2647360},
    keywords = {Declarative design, Interaction design, Toolkits, Visualization}
}

@inproceedings{Cohen2019,
    title = {{Designing declarative language tutorials: A guided and individualized approach}},
    year = {2019},
    booktitle = {10th Workshop on Evaluation and Usability of Programming Languages and Tools (PLATEAU 2019)},
    author = {Cohen, A.K. and Ni, W. and Sunshine, J.},
    volume = {76},
    isbn = {9783959771351},
    doi = {10.4230/OASIcs.PLATEAU.2019.4},
    issn = {21906807},
    keywords = {Declarative programming, Programming language tutorial, Visualizations}
}

@misc{desmos,
    title = {{Desmos}},
    year = {2019},
    howpublished = {{\textbackslash}url{\{}https://www.desmos.com/{\}}}
}

@article{Rittle-Johnson2001,
    title = {{Developing conceptual understanding and procedural skill in mathematics: An iterative process}},
    year = {2001},
    journal = {Journal of Educational Psychology},
    author = {Rittle-Johnson, Bethany and Siegler, Robert S. and Alibali, Martha Wagner},
    number = {2},
    pages = {346--362},
    volume = {93},
    publisher = {American Psychological Association Inc.},
    url = {/record/2001-06601-010?doi=1},
    doi = {10.1037/0022-0663.93.2.346},
    issn = {00220663}
}

@article{Rittle-Johnson2001a,
    title = {{Developing conceptual understanding and procedural skill in mathematics: An iterative process}},
    year = {2001},
    journal = {Journal of Educational Psychology},
    author = {Rittle-Johnson, Bethany and Siegler, Robert S. and Alibali, Martha Wagner},
    number = {2},
    pages = {346--362},
    volume = {93},
    doi = {10.1037/0022-0663.93.2.346},
    issn = {00220663}
}

@article{nimoThesisProposal,
    title = {{Developing conceptual understanding through interactive diagramming}},
    year = {2022},
    author = {Ni, Wode},
    pages = {24},
    institution = {Carnegie Mellon University}
}

@article{Cascaval2022,
    title = {{Differentiable 3D CAD Programs for Bidirectional Editing}},
    year = {2022},
    journal = {Computer Graphics Forum},
    author = {Cascaval, D. and Shalah, M. and Quinn, P. and Bodik, R. and Agrawala, M. and Schulz, A.},
    number = {2},
    month = {5},
    pages = {309--323},
    volume = {41},
    publisher = {John Wiley {\&} Sons, Ltd},
    url = {https://onlinelibrary.wiley.com/doi/full/10.1111/cgf.14476 https://onlinelibrary.wiley.com/doi/abs/10.1111/cgf.14476 https://onlinelibrary.wiley.com/doi/10.1111/cgf.14476},
    doi = {10.1111/CGF.14476},
    issn = {1467-8659},
    arxivId = {2110.01182},
    keywords = {CCS Concepts, Graphics systems and interfaces, • Computing methodologies → Shape modeling}
}

@article{Gleicher,
    title = {{Differential Manipulation}},
    author = {Gleicher, Michael and Witkin, Andrew},
    keywords = {Direct Manipulation, Geometric Modeling, Interaction Tech-niques}
}

@book{rosen1999discrete,
    title = {{Discrete mathematics {\&} applications}},
    year = {1999},
    author = {Rosen, Kenneth H},
    edition = {7th},
    publisher = {McGraw-Hill},
    isbn = {978-0-07-338309-5}
}

@misc{doingWithImages,
    title = {{Doing with images makes symbols}},
    year = {1987},
    booktitle = {Distinguished lecture series, Apple Computer},
    author = {Kay, Alan},
    url = {https://archive.org/details/AlanKeyD1987}
}

@article{drawingToLearn,
    title = {{Drawing to learn in science}},
    year = {2011},
    journal = {Science},
    author = {Ainsworth, Shaaron and Prain, Vaughan and Tytler, Russell},
    number = {6046},
    month = {8},
    pages = {1096--1097},
    volume = {333},
    publisher = {{\\\}American Association for the Advancement of Science{\\\}},
    url = {https://www.science.org/doi/abs/10.1126/science.1204153},
    doi = {10.1126/SCIENCE.1204153/SUPPL{\_}FILE/1204153.AINSWORTH.SOM.PDF},
    issn = {00368075},
    pmid = {21868658}
}

@article{Gleicher1994,
    title = {{Drawing with constraints}},
    year = {1994},
    journal = {The Visual Computer 1994 11:1},
    author = {Gleicher, Michael and Witkin, Andrew},
    number = {1},
    month = {1},
    pages = {39--51},
    volume = {11},
    publisher = {Springer},
    url = {https://link.springer.com/article/10.1007/BF01900698},
    doi = {10.1007/BF01900698},
    issn = {1432-2315},
    keywords = {Artificial Intelligence, Computer Graphics, Computer Science, Image Processing and Computer Vision, general}
}

@article{dualCoding,
    title = {{Dual coding theory and education}},
    year = {1991},
    journal = {Educational Psychology Review 1991 3:3},
    author = {Clark, James M. and Paivio, Allan},
    number = {3},
    month = {9},
    pages = {149--210},
    volume = {3},
    publisher = {Springer},
    doi = {10.1007/BF01320076},
    issn = {1573-336X},
    keywords = {Child and School Psychology, Educational Psychology, Learning and Instruction}
}

@book{clark2023learning,
    title = {{E-learning and the science of instruction: Proven guidelines for consumers and designers of multimedia learning}},
    year = {2023},
    author = {Clark, Ruth C and Mayer, Richard E},
    publisher = {john Wiley {\&} sons}
}

@article{animationConstraints,
    title = {{Easily adding animations to interfaces using constraints}},
    year = {1996},
    journal = {UIST (User Interface Software and Technology): Proceedings of the ACM Symposium},
    author = {Myers, Brad A. and Miller, Robert C. and McDaniel, Rich and Ferrency, Alan},
    pages = {119--128},
    publisher = {ACM},
    doi = {10.1145/237091.237109}
}

@article{Novick1999a,
    title = {{Evidence for abstract, schematic knowledge of three spatial diagram representations}},
    year = {1999},
    journal = {Memory {\&} Cognition 1999 27:2},
    author = {Novick, Laura R. and Hurley, Sean M. and Francis, Melissa},
    number = {2},
    pages = {288--308},
    volume = {27},
    publisher = {Springer},
    url = {https://link.springer.com/article/10.3758/BF03211413},
    doi = {10.3758/BF03211413},
    issn = {1532-5946},
    pmid = {10226439},
    keywords = {Cognitive Psychology}
}

@article{compEduCACM,
    title = {{Example-based learning in computer-aided STEM education}},
    year = {2014},
    journal = {Communications of the ACM},
    author = {Gulwani, Sumit},
    number = {8},
    pages = {70--80},
    volume = {57},
    publisher = {Association for Computing Machinery},
    doi = {10.1145/2634273},
    issn = {15577317}
}

@article{Dreyfus2006,
    title = {{Exemplification in mathematics education}},
    year = {2006},
    journal = {30th Conference of the International Group for the Psychology of Mathematics Education},
    author = {Dreyfus, Tommy and Mason, John and Tsamir, Pessia and Watson, Anne and Zaslavsky, Orit},
    number = {Leinhardt 2001},
    pages = {126--154},
    publisher = {PME},
    url = {http://users.mct.open.ac.uk/jhm3/PME30RF/PME30RFPaper.pdf},
    isbn = {0771-100x},
    keywords = {Aviv, Open, Oxford, Technion-Israel), Tel-Aviv}
}

@article{Sevimli2022,
    title = {{Exemplification process in online education: a longitudinal study of mathematics teachers}},
    year = {2022},
    journal = {Learning Environments Research},
    author = {Sevimli, Eyüp},
    month = {11},
    pages = {1--24},
    publisher = {Springer Science and Business Media B.V.},
    url = {https://link.springer.com/article/10.1007/s10984-022-09440-y},
    doi = {10.1007/s10984-022-09440-y},
    issn = {15731855},
    keywords = {Exemplification, Mathematics teachers, Online education, Teaching practices}
}

@inproceedings{expertBlindspot,
    title = {{Expert blind spot: When content knowledge eclipses pedagogical content knowledge}},
    year = {2001},
    booktitle = {Proceedings of the third international conference on cognitive science},
    author = {Nathan, Mitchell J and Koedinger, Kenneth R and Alibali, Martha W and {others}},
    volume = {644648}
}

@article{Scaife1996,
    title = {{External cognition: how do graphical representations work?}},
    year = {1996},
    journal = {International Journal of Human-Computer Studies},
    author = {Scaife, Mike and Rogers, Yvonne},
    number = {2},
    month = {8},
    pages = {185--213},
    volume = {45},
    publisher = {Academic Press},
    doi = {10.1006/IJHC.1996.0048},
    issn = {1071-5819}
}

@article{Bekos2019,
    title = {{External labeling techniques: A taxonomy and survey}},
    year = {2019},
    journal = {Computer Graphics Forum},
    author = {Bekos, Michael A. and Niedermann, Benjamin and N{\"{o}}llenburg, Martin},
    number = {3},
    month = {6},
    pages = {833--860},
    volume = {38},
    publisher = {John Wiley {\&} Sons, Ltd},
    url = {https://onlinelibrary.wiley.com/doi/full/10.1111/cgf.13729 https://onlinelibrary.wiley.com/doi/abs/10.1111/cgf.13729 https://onlinelibrary.wiley.com/doi/10.1111/cgf.13729},
    doi = {10.1111/cgf.13729},
    issn = {14678659},
    arxivId = {1902.01454},
    keywords = {Computational geometry, Human-centered computing, Information visualization, Theory of computation, Visualization techniques}
}

@inproceedings{Falleri2014,
    title = {{Fine-grained and accurate source code differencing}},
    year = {2014},
    booktitle = {ASE 2014 - Proceedings of the 29th ACM/IEEE International Conference on Automated Software Engineering},
    author = {Falleri, Jean Rémy and Morandat, Floréal and Blanc, Xavier and Martinez, Matias and Monperrus, Martin},
    pages = {313--323},
    publisher = {Association for Computing Machinery, Inc},
    isbn = {9781450330138},
    doi = {10.1145/2642937.2642982},
    keywords = {AST, Program comprehension, Software evolution, Tree differencing}
}

@inproceedings{gumtree,
    title = {{Fine-grained and accurate source code differencing}},
    year = {2014},
    booktitle = {ASE 2014 - Proceedings of the 29th ACM/IEEE International Conference on Automated Software Engineering},
    author = {Falleri, Jean Rémy and Morandat, Floréal and Blanc, Xavier and Martinez, Matias and Monperrus, Martin},
    pages = {313--323},
    publisher = {Association for Computing Machinery, Inc},
    url = {https://dl.acm.org/doi/10.1145/2642937.2642982},
    isbn = {9781450330138},
    doi = {10.1145/2642937.2642982},
    keywords = {AST, Program comprehension, Software evolution, Tree differencing}
}

@article{garnet,
    title = {{Garnet: Comprehensive Support for Graphical, Highly Interactive User Interfaces}},
    year = {1990},
    journal = {Computer},
    author = {Myers, Brad A. and Giuse, Dario A. and Dannenberg, Roger B. and Vander Zanden, Brad and Kosbie, David S. and Pervin, Edward and Mickish, Andrew and Marchal, Philippe},
    number = {11},
    pages = {71--85},
    volume = {23},
    doi = {10.1109/2.60882},
    issn = {00189162}
}

@article{Zheng2017,
    title = {{Graph Drawing by Stochastic Gradient Descent}},
    year = {2017},
    journal = {IEEE Transactions on Visualization and Computer Graphics},
    author = {Zheng, Jonathan X. and Pawar, Samraat and Goodman, Dan F.M.},
    number = {9},
    month = {10},
    pages = {2738--2748},
    volume = {25},
    publisher = {IEEE Computer Society},
    url = {https://arxiv.org/abs/1710.04626v3},
    doi = {10.1109/TVCG.2018.2859997},
    issn = {19410506},
    pmid = {30047888},
    arxivId = {1710.04626},
    keywords = {Graph drawing, constraints, multidimensional scaling, relaxation, stochastic gradient descent}
}

@article{graphviz,
    title = {{Graphviz— Open Source Graph Drawing Tools}},
    year = {2001},
    journal = {Lecture Notes in Computer Science (including subseries Lecture Notes in Artificial Intelligence and Lecture Notes in Bioinformatics)},
    author = {Ellson, John and Gansner, Emden and Koutsofios, Lefteris and North, Stephen C. and Woodhull, Gordon},
    pages = {483--484},
    volume = {2265 LNCS},
    publisher = {Springer, Berlin, Heidelberg},
    isbn = {3540433090},
    doi = {10.1007/3-540-45848-4{\_}57},
    issn = {16113349}
}

@book{holtGeometry,
    title = {{Holt geometry}},
    year = {2007},
    author = {Burger, Edward B and Chard, David J and Hall, Earlene J and Kennedy, Paul A and Leinwand, Steven J and Renfro, Freddie L and Seymour, Dale G and Wattis, Bert K},
    publisher = {Holt, Rinehart and Winston}
}

@book{burger2007holt,
    title = {{Holt geometry}},
    year = {2007},
    author = {Burger, Edward B and Chard, David J and Hall, Earlene J and Kennedy, Paul A and Leinwand, Steven J and Renfro, Freddie L and Seymour, Dale G and Wattis, Bert K},
    publisher = {Holt, Rinehart and Winston}
}

@article{naturalDiagramming,
    title = {{How Domain Experts Create Conceptual Diagrams and Implications for Tool Design}},
    year = {2020},
    journal = {Conference on Human Factors in Computing Systems - Proceedings},
    author = {Ma'ayan, Dor and Ni, Wode and Ye, Katherine and Kulkarni, Chinmay and Sunshine, Joshua},
    month = {4},
    volume = {20},
    publisher = {Association for Computing Machinery},
    isbn = {9781450367080},
    doi = {10.1145/3313831.3376253},
    keywords = {conceptual diagramming, diagram authoring, information visualization}
}

@inproceedings{idyll,
    title = {{IdylL: A markup language for authoring and publishing interactive articles on the web}},
    year = {2018},
    booktitle = {UIST 2018 - Proceedings of the 31st Annual ACM Symposium on User Interface Software and Technology},
    author = {Conlen, Matthew and Heer, Jeffrey},
    month = {10},
    pages = {977--989},
    publisher = {Association for Computing Machinery, Inc},
    isbn = {9781450359481},
    doi = {10.1145/3242587.3242600},
    keywords = {Artifact or System, Interaction Design, Programming Languages, Programming/Development Support, Prototyping/Implementation, Storytelling, Visualization}
}

@article{aleven2016instruction,
    title = {{Instruction based on adaptive learning technologies}},
    year = {2016},
    journal = {Handbook of research on learning and instruction},
    author = {Aleven, Vincent and McLaughlin, Elizabeth A and Glenn, R Amos and Koedinger, Kenneth R},
    pages = {522--560},
    publisher = {Routledge Abingdon}
}

@article{interactiveDynamicsTaxonomy,
    title = {{Interactive Dynamics for Visual Analysis}},
    year = {2012},
    journal = {Queue},
    author = {Heer, Jeffrey and Shneiderman, Ben},
    number = {2},
    month = {2},
    pages = {30--55},
    volume = {10},
    publisher = {ACM PUB27 New York, NY, USA},
    url = {https://dl.acm.org/doi/abs/10.1145/2133416.2146416},
    doi = {10.1145/2133416.2146416},
    issn = {15427749}
}

@inproceedings{Dwyer2010,
    title = {{Layout with circular and other non-linear constraints using Procrustes projection}},
    year = {2010},
    booktitle = {Lecture Notes in Computer Science (including subseries Lecture Notes in Artificial Intelligence and Lecture Notes in Bioinformatics)},
    author = {Dwyer, Tim and Robertson, George},
    pages = {393--404},
    volume = {5849 LNCS},
    publisher = {Springer, Berlin, Heidelberg},
    url = {https://link.springer.com/chapter/10.1007/978-3-642-11805-0_37},
    isbn = {3642118046},
    doi = {10.1007/978-3-642-11805-0{\_}37},
    issn = {03029743}
}

@article{SSL98,
    title = {{Learner preferences and achievement under differing amounts of learner practice}},
    year = {1998},
    journal = {Educational Technology Research and Development},
    author = {Schnackenberg, Heidi L. and Sullivan, Howard J. and Leader, Lars F. and Jones, Elizabeth E.K.},
    number = {2},
    pages = {5--16},
    volume = {46},
    publisher = {Springer},
    url = {https://link.springer.com/article/10.1007/BF02299786},
    doi = {10.1007/bf02299786},
    issn = {10421629},
    keywords = {Educational Technology, Learning and Instruction}
}

@article{25learning,
    title = {{Learning principles to guide pedagogy and the design of learning environments}},
    year = {2007},
    journal = {Association for Psychological Science},
    author = {Halpern, D F and Graesser, A and Hakel, M}
}

@article{Beaudouin-Lafon2021,
    title = {{MathMap: Supporting Exploratory Problem Solving with Algebra}},
    year = {2021},
    journal = {Adjunct Publication of the 34th Annual ACM Symposium on User Interface Software and Technology, UIST 2021},
    author = {Beaudouin-Lafon, Matthew and Xia, Haijun},
    month = {10},
    pages = {47--50},
    publisher = {Association for Computing Machinery, Inc},
    url = {https://doi.org/10.1145/3474349.3480226},
    isbn = {9781450386555},
    doi = {10.1145/3474349.3480226},
    keywords = {Computer Algebra Systems, Exploration, Math}
}

@inproceedings{pmlr-v80-barrett18a,
    title = {{Measuring abstract reasoning in neural networks}},
    year = {2018},
    booktitle = {Proceedings of the 35th International Conference on Machine Learning},
    author = {Barrett, David and Hill, Felix and Santoro, Adam and Morcos, Ari and Lillicrap, Timothy},
    editor = {Dy, Jennifer and Krause, Andreas},
    pages = {511--520},
    series = {Proceedings of Machine Learning Research},
    volume = {80},
    publisher = {PMLR},
    url = {https://proceedings.mlr.press/v80/barrett18a.html}
}

@article{DMM19,
    title = {{Measuring actual learning versus feeling of learning in response to being actively engaged in the classroom}},
    year = {2019},
    journal = {Proceedings of the National Academy of Sciences of the United States of America},
    author = {Deslauriers, Louis and McCarty, Logan S. and Miller, Kelly and Callaghan, Kristina and Kestin, Greg},
    number = {39},
    month = {9},
    pages = {19251--19257},
    volume = {116},
    publisher = {National Academy of Sciences},
    url = {www.pnas.org/cgi/doi/10.1073/pnas.1821936116},
    doi = {10.1073/pnas.1821936116},
    issn = {10916490},
    pmid = {31484770},
    keywords = {Constructivism, Evidence-based teaching, Scientific teaching, Undergraduate education}
}

@article{Liu2010a,
    title = {{Mental models, visual reasoning and interaction in information visualization: A top-down perspective}},
    year = {2010},
    journal = {IEEE Transactions on Visualization and Computer Graphics},
    author = {Liu, Zhicheng and Stasko, John},
    number = {6},
    pages = {999--1008},
    volume = {16},
    doi = {10.1109/TVCG.2010.177},
    issn = {10772626},
    pmid = {20975137},
    keywords = {Mental model, distributed cognition, information visualization, interaction, model-based reasoning, theory}
}

@article{metarepresentation,
    title = {{Metarepresentation: Native competence and targets for instruction}},
    year = {2004},
    journal = {Cognition and Instruction},
    author = {DiSessa, Andrea A.},
    number = {3},
    pages = {293--331},
    volume = {22},
    publisher = {Lawrence Erlbaum Associates, Inc.},
    doi = {10.1207/s1532690xci2203{\_}2},
    issn = {07370008}
}

@misc{allen1999mixedinitiative,
    title = {{Mixed-initiative interaction}},
    year = {1999},
    booktitle = {IEEE Intelligent Systems and Their Applications},
    author = {Allen, James E and Guinn, Curry I and Horvtz, Eric},
    number = {5},
    pages = {14--16},
    volume = {14},
    publisher = {Institute of Electrical and Electronics Engineers Inc.},
    doi = {10.1109/5254.796083},
    issn = {10947167}
}

@article{deltablue,
    title = {{Multi-way versus one-way constraints in user interfaces: Experience with the deltablue algorithm}},
    year = {1993},
    journal = {Software: Practice and Experience},
    author = {Sannella, Michael and Maloney, John and Freeman‐Benson, Bjorn and Borning, Alan},
    number = {5},
    month = {5},
    pages = {529--566},
    volume = {23},
    publisher = {John Wiley {\&} Sons, Ltd},
    url = {https://onlinelibrary.wiley.com/doi/full/10.1002/spe.4380230507 https://onlinelibrary.wiley.com/doi/abs/10.1002/spe.4380230507 https://onlinelibrary.wiley.com/doi/10.1002/spe.4380230507},
    doi = {10.1002/SPE.4380230507},
    issn = {1097-024X},
    keywords = {Constraint satisfaction, Constraints, DeltaBlue, Local propagation, User interface implementation techniques}
}

@book{multimediaLearning,
    title = {{Multimedia Learning}},
    year = {2020},
    author = {Mayer, Richard},
    month = {7},
    publisher = {Cambridge University Press},
    isbn = {9781316941355},
    doi = {10.1017/9781316941355}
}

@article{naturalProgramming,
    title = {{Natural programming languages and environments}},
    year = {2004},
    journal = {Communications of the ACM},
    author = {Myers, Brad A and Pane, John F and Ko, Amy},
    number = {9},
    pages = {47--52},
    volume = {47},
    publisher = {ACM}
}

@article{Fogel2009,
    title = {{On the exact maximum complexity of Minkowski sums of polytopes}},
    year = {2009},
    journal = {Discrete and Computational Geometry},
    author = {Fogel, Efi and Halperin, Dan and Weibel, Christophe},
    number = {4},
    month = {10},
    pages = {654--669},
    volume = {42},
    publisher = {Springer},
    url = {https://link.springer.com/article/10.1007/s00454-009-9159-1},
    doi = {10.1007/s00454-009-9159-1},
    issn = {01795376},
    keywords = {Complexity, Gaussian maps, Minkowski sum, Polyhedra}
}

@article{Miltner2019,
    title = {{On the fly synthesis of edit suggestions}},
    year = {2019},
    journal = {Proceedings of the ACM on Programming Languages},
    author = {Miltner, Anders and Gulwani, Sumit and Le, Vu and Leung, Alan and Radhakrishna, Arjun and Soares, Gustavo and Tiwari, Ashish and Udupa, Abhishek},
    number = {OOPSLA},
    month = {10},
    pages = {1--29},
    volume = {3},
    publisher = {Association for Computing Machinery (ACM)},
    url = {https://doi.org/10.1145/3360569},
    doi = {10.1145/3360569},
    issn = {2475-1421},
    keywords = {Program synthesis, Program transformation, Programming by example, Refactoring}
}

@techreport{PBB07,
    title = {{Organizing Instruction and Study to Improve Student Learning}},
    year = {2007},
    booktitle = {National Center for Education Research},
    author = {Pashler, Harold and Bain, Patrice M and Bottge, Brian A and Graesser, Arthur and Koedinger, Kenneth and McDaniel, Mark and Metcalfe, Janet},
    publisher = {ERIC},
    institution = {NCER, IES,, U.S. Department of Education},
    address = {Washington, DC}
}

@inproceedings{He2022,
    title = {{Parameterized Interior Floor Plan Design Based on Differentiable Renderer}},
    year = {2022},
    booktitle = {Lecture Notes in Electrical Engineering},
    author = {He, Shuhan and Fu, Qiang and Li, Xueming},
    pages = {132--141},
    volume = {951 LNEE},
    publisher = {Springer Science and Business Media Deutschland GmbH},
    url = {https://link.springer.com/chapter/10.1007/978-981-19-6226-4_14},
    isbn = {9789811962257},
    doi = {10.1007/978-981-19-6226-4{\_}14},
    issn = {18761119},
    keywords = {Computer-aided design, Differentiable renderer, Floor plan synthesis}
}

@article{penrose,
    title = {{Penrose: From Mathematical Notation to Beautiful Diagrams}},
    year = {2020},
    journal = {ACM Transactions on Graphics},
    author = {Ye, Katherine and Ni, Wode and Krieger, Max and Ma'ayan, Dor and Wise, Jenna and Aldrich, Jonathan and Sunshine, Joshua and Crane, Keenan},
    number = {4},
    month = {7},
    pages = {16},
    volume = {39},
    publisher = {Association for Computing Machinery},
    doi = {10.1145/3386569.3392375},
    issn = {15577368},
    keywords = {mathematical diagrams}
}

@article{perceptualLearning,
    title = {{Perceptual learning modules in mathematics: Enhancing students' pattern recognition, structure extraction, and fluency}},
    year = {2010},
    journal = {Topics in Cognitive Science},
    author = {Kellman, Philip J. and Massey, Christine M. and Son, Ji Y.},
    number = {2},
    month = {4},
    pages = {285--305},
    volume = {2},
    publisher = {John Wiley {\&} Sons, Ltd},
    url = {https://onlinelibrary.wiley.com/doi/full/10.1111/j.1756-8765.2009.01053.x https://onlinelibrary.wiley.com/doi/abs/10.1111/j.1756-8765.2009.01053.x https://onlinelibrary.wiley.com/doi/10.1111/j.1756-8765.2009.01053.x},
    doi = {10.1111/j.1756-8765.2009.01053.x},
    issn = {17568757},
    pmid = {25163790},
    keywords = {Algebra, Expertise, Fluency, Learning technology, Mathematics instruction, Mathematics learning, Pattern recognition, Perceptual learning}
}

@incollection{perceptualLearningExpertise,
    title = {{Perceptual Learning, Cognition, and Expertise}},
    year = {2013},
    booktitle = {Psychology of Learning and Motivation - Advances in Research and Theory},
    author = {Kellman, Philip J. and Massey, Christine M.},
    month = {1},
    pages = {117--165},
    volume = {58},
    publisher = {Academic Press},
    doi = {10.1016/B978-0-12-407237-4.00004-9},
    issn = {00797421},
    keywords = {Abstract ideas, Amodal perception, Cognition, Expertise, Instruction, Learning, Perception, Perceptual learning, Perceptual learning modules}
}

@inproceedings{wordProblemGen,
    title = {{Personalized mathematical word problem generation}},
    year = {2015},
    booktitle = {Twenty-Fourth International Joint Conference on Artificial Intelligence},
    author = {Polozov, Oleksandr and O'Rourke, Eleanor and Smith, Adam M and Zettlemoyer, Luke and Gulwani, Sumit and Popovi{\'{c}}, Zoran}
}

@article{Imhof1975,
    title = {{Positioning names on maps}},
    year = {1975},
    journal = {American Cartographer},
    author = {Imhof, Eduard},
    number = {2},
    month = {1},
    pages = {128--144},
    volume = {2},
    publisher = {Taylor {\&} Francis Group},
    url = {https://www.tandfonline.com/doi/abs/10.1559/152304075784313304},
    doi = {10.1559/152304075784313304},
    issn = {00941689}
}

@article{Chugh2016a,
    title = {{Prodirect manipulation: Bidirectional programming for the masses}},
    year = {2016},
    journal = {Proceedings - International Conference on Software Engineering},
    author = {Chugh, Ravi},
    month = {5},
    pages = {781--784},
    publisher = {IEEE Computer Society},
    url = {http://dx.doi.org/10.1145/2889160.2889210},
    doi = {10.1145/2889160.2889210},
    keywords = {Bidirectional programming, End user programming, Human-computer interaction, Prodirect manipulation, Program synthesis}
}

@article{LubinJustin2020,
    title = {{Program sketching with live bidirectional evaluation}},
    year = {2020},
    journal = {Proceedings of the ACM on Programming Languages},
    author = {{LubinJustin} and {CollinsNick} and {OmarCyrus} and {ChughRavi}},
    number = {ICFP},
    month = {8},
    pages = {29},
    volume = {4},
    publisher = {{\\\}		ACM{\\\}		PUB27{\\\}		New York, NY, USA{\\\}	},
    url = {https://dl.acm.org/doi/abs/10.1145/3408991},
    doi = {10.1145/3408991},
    keywords = {Bidirectional Evaluation, Examples, Program Synthesis, Sketches}
}

@book{Gulwani2017,
    title = {{Program Synthesis}},
    year = {2017},
    author = {Gulwani, Sumit and Polozov, Oleksandr and Singh, Rishabh and -Delft, Boston},
    month = {10},
    volume = {4},
    url = {www.nowpublishers.com;},
    isbn = {9781680832921}
}

@article{Chugh2016,
    title = {{Programmatic and direct manipulation, together at last}},
    year = {2016},
    journal = {Proceedings of the ACM SIGPLAN Conference on Programming Language Design and Implementation (PLDI)},
    author = {Chugh, Ravi and Hempel, Brian and Spradlin, Mitchell and Albers, Jacob},
    month = {6},
    pages = {341--354},
    volume = {13-17-June},
    publisher = {Association for Computing Machinery},
    doi = {10.1145/2908080.2908103},
    keywords = {Prodirect manipulation, SVG, Sketch-n-sketch}
}

@article{Hottelier2014,
    title = {{Programming by Manipulation for layout}},
    year = {2014},
    journal = {UIST 2014 - Proceedings of the 27th Annual ACM Symposium on User Interface Software and Technology},
    author = {Hottelier, Thibaud and Bodik, Ras and Ryokai, Kimiko},
    month = {10},
    pages = {231--242},
    publisher = {Association for Computing Machinery, Inc},
    url = {http://dx.doi.org/10.1145/2642918.2647378},
    doi = {10.1145/2642918.2647378},
    keywords = {Constraint-based layout, Layout editing, Programming by demonstration}
}

@inproceedings{Lerner2020,
    title = {{Projection Boxes: On-the-fly Reconfigurable Visualization for Live Programming}},
    year = {2020},
    booktitle = {Conference on Human Factors in Computing Systems - Proceedings},
    author = {Lerner, Sorin},
    month = {4},
    publisher = {Association for Computing Machinery},
    url = {https://doi.org/10.1145/3313831.3376494},
    isbn = {9781450367080},
    doi = {10.1145/3313831.3376494},
    keywords = {debugging, live programming, program visualization, programming environment}
}

@article{protovis09,
    title = {{Protovis: A graphical toolkit for visualization}},
    year = {2009},
    journal = {IEEE Transactions on Visualization and Computer Graphics},
    author = {Bostock, Michael and Heer, Jeffrey},
    number = {6},
    month = {11},
    pages = {1121--1128},
    volume = {15},
    doi = {10.1109/TVCG.2009.174},
    issn = {10772626},
    keywords = {2D graphics, Information visualization, toolkits, user interfaces}
}

@article{massProduction,
    title = {{Rapid authoring of Intelligent Tutors for real-world and experimental use}},
    year = {2006},
    journal = {Proceedings - Sixth International Conference on Advanced Learning Technologies, ICALT 2006},
    author = {Aleven, Vincent and Sewall, Jonathan and McLaren, Bruce M. and Koedinger, Kenneth R.},
    pages = {847--851},
    volume = {2006},
    isbn = {0769526322},
    doi = {10.1109/ICALT.2006.1652575}
}

@inproceedings{Albarghouthi2013,
    title = {{Recursive program synthesis}},
    year = {2013},
    booktitle = {Lecture Notes in Computer Science (including subseries Lecture Notes in Artificial Intelligence and Lecture Notes in Bioinformatics)},
    author = {Albarghouthi, Aws and Gulwani, Sumit and Kincaid, Zachary},
    pages = {934--950},
    volume = {8044 LNCS},
    publisher = {Springer, Berlin, Heidelberg},
    url = {https://link.springer.com/chapter/10.1007/978-3-642-39799-8_67},
    isbn = {9783642397981},
    doi = {10.1007/978-3-642-39799-8{\_}67},
    issn = {03029743}
}

@article{Cox1999,
    title = {{Representation construction, externalised cognition and individual differences}},
    year = {1999},
    journal = {Learning and Instruction},
    author = {Cox, Richard},
    number = {4},
    month = {8},
    pages = {343--363},
    volume = {9},
    publisher = {Pergamon},
    doi = {10.1016/S0959-4752(98)00051-6},
    issn = {0959-4752},
    keywords = {Diagrammatic reasoning, External representations, Human problem solving, Individual differences}
}

@inproceedings{representationalFluency,
    title = {{Representational fluency in middle school: A classroom study}},
    year = {2002},
    booktitle = {Proceedings of the twenty-fourth annual meeting of the North American chapter of the International Group for the Psychology of Mathematics Education},
    author = {Nathan, Mitchell J and Stephens, Ana C and Masarik, D K and Alibali, Martha W and Koedinger, Kenneth R},
    pages = {462--472},
    volume = {1},
    organization = {ERIC Clearinghouse for Science, Mathematics and Environmental Education{\~{}}{\ldots}}
}

@article{samenessAndDifference,
    title = {{Sameness and Difference in Transfer}},
    year = {2006},
    journal = {Journal of the Learning Sciences},
    author = {Marton, Ference},
    number = {4},
    pages = {499--535},
    volume = {15},
    publisher = {Lawrence Erlbaum Associates, Inc.},
    url = {https://www.tandfonline.com/doi/abs/10.1207/s15327809jls1504_3},
    doi = {10.1207/S15327809JLS1504{\_}3},
    issn = {10508406}
}

@article{Dwyer2009,
    title = {{Scalable, Versatile and Simple Constrained Graph Layout}},
    year = {2009},
    journal = {Computer Graphics Forum},
    author = {Dwyer, Tim},
    number = {3},
    month = {6},
    pages = {991--998},
    volume = {28},
    publisher = {John Wiley {\&} Sons, Ltd},
    url = {https://onlinelibrary.wiley.com/doi/full/10.1111/j.1467-8659.2009.01449.x https://onlinelibrary.wiley.com/doi/abs/10.1111/j.1467-8659.2009.01449.x https://onlinelibrary.wiley.com/doi/10.1111/j.1467-8659.2009.01449.x},
    doi = {10.1111/J.1467-8659.2009.01449.X},
    issn = {1467-8659},
    keywords = {Computer Graphics [I.3.3]: Display algorithms, Display algorithms-Optimization [G16], Optimization [G.1.6]: Constrained optimization}
}

@article{Lynch1991,
    title = {{Science in the age of mechanical reproduction: moral and epistemic relations between diagrams and photographs}},
    year = {1991},
    journal = {Biology and Philosophy 1991 6:2},
    author = {Lynch, Michael},
    number = {2},
    pages = {205--226},
    volume = {6},
    publisher = {Springer},
    url = {https://link.springer.com/article/10.1007/BF02426838},
    doi = {10.1007/BF02426838},
    issn = {1572-8404},
    keywords = {Evolutionary Biology, Philosophy of Biology}
}

@article{Myers1998,
    title = {{Scripting graphical applications by demonstration}},
    year = {1998},
    journal = {Conference on Human Factors in Computing Systems - Proceedings},
    author = {Myers, Brad A.},
    pages = {534--541},
    volume = {98},
    publisher = {ACM},
    url = {http://www.cs.cmu.edu/-barn},
    doi = {10.1145/274644.274716},
    keywords = {Amulet, Command Objects, Macros, Programming by Demon-stration (PBD), Scripting, Toolkits, User Interface Development Environments}
}

@inproceedings{Wang2021,
    title = {{Seeing beyond expert blind spots: Online learning design for scale and qality}},
    year = {2021},
    booktitle = {Conference on Human Factors in Computing Systems - Proceedings},
    author = {Wang, Xu and Rose, Carolyn and Koedinger, Kenneth R.},
    month = {5},
    publisher = {Association for Computing Machinery},
    url = {https://dl.acm.org/doi/10.1145/3411764.3445045},
    isbn = {9781450380966},
    doi = {10.1145/3411764.3445045},
    keywords = {Hci education, Instructor belief, Learning experience design, Learning@scale, Matched assessment comparison, Multiple-choice questions}
}

@article{Catley2008a,
    title = {{Seeing the Wood for the Trees: An Analysis of Evolutionary Diagrams in Biology Textbooks}},
    year = {2008},
    journal = {BioScience},
    author = {Catley, Kefyn M. and Novick, Laura R.},
    number = {10},
    month = {11},
    pages = {976--987},
    volume = {58},
    publisher = {Oxford Academic},
    url = {https://academic.oup.com/bioscience/article/58/10/976/245951},
    doi = {10.1641/B581011},
    issn = {0006-3568},
    keywords = {Alternative conceptions, Biology textbooks, Cladograms, Evolutionary diagrams, Macroevolution}
}

@article{Hempel2016,
    title = {{Semi-automated SVG programming via direct manipulation}},
    year = {2016},
    journal = {UIST 2016 - Proceedings of the 29th Annual Symposium on User Interface Software and Technology},
    author = {Hempel, Brian and Chugh, Ravi},
    month = {10},
    pages = {379--390},
    publisher = {Association for Computing Machinery, Inc},
    doi = {10.1145/2984511.2984575},
    keywords = {Direct manipulation, Live programming, SVG}
}

@inproceedings{callbackSpaghetti,
    title = {{Separating application code from toolkits: Eliminating the Spaghetti of call-backs}},
    year = {1991},
    booktitle = {Proceedings of the 4th Annual ACM Symposium on User Interface Software and Technology, UIST 1991},
    author = {Myers, Brad A},
    pages = {211--220},
    publisher = {ACM Press},
    address = {New York, New York, USA},
    isbn = {0897914511},
    doi = {10.1145/120782},
    keywords = {Call-back procedures, Dialog boxes, Interface builders, UIMSS}
}

@incollection{fusion,
    title = {{Simultaneity and the enacted object of learning}},
    year = {2004},
    booktitle = {Classroom Discourse and the Space of Learning},
    author = {Chik, Pakey P.M. and Lo, Mun Ling},
    month = {4},
    pages = {89--112},
    volume = {9781410609},
    publisher = {Routledge},
    isbn = {0805840095},
    doi = {10.4324/9781410609762}
}

@inproceedings{smallStepPBE,
    title = {{Small-step live programming by example}},
    year = {2020},
    booktitle = {UIST 2020 - Proceedings of the 33rd Annual ACM Symposium on User Interface Software and Technology},
    author = {Ferdowsifard, Kasra and Ordookhanians, Allen and Peleg, Hila and Lerner, Sorin and Polikarpova, Nadia},
    month = {10},
    pages = {614--626},
    publisher = {Association for Computing Machinery, Inc},
    url = {http://dx.doi.org/10.1145/3379337.3415869},
    isbn = {9781450375146},
    doi = {10.1145/3379337.3415869},
    keywords = {Live programming, Program synthesis}
}

@article{Dix1998,
    title = {{Starting simple - Adding value to static visualisation through simple interaction}},
    year = {1998},
    journal = {Proceedings of the Workshop on Advanced Visual Interfaces AVI},
    author = {Dix, Alan and Ellis, Geoffrey},
    pages = {124--134},
    url = {http://www.hiraeth.com/alan/papers/simple98/},
    doi = {10.1145/948496.948514},
    keywords = {Information visualisation, Interactive graphics, Visual interaction}
}

@article{Boy2016,
    title = {{Suggested Interactivity: Seeking Perceived Affordances for Information Visualization}},
    year = {2016},
    journal = {IEEE Transactions on Visualization and Computer Graphics},
    author = {Boy, Jeremy and Eveillard, Louis and Detienne, Françoise and Fekete, Jean Daniel},
    number = {1},
    month = {1},
    pages = {639--648},
    volume = {22},
    publisher = {IEEE Computer Society},
    doi = {10.1109/TVCG.2015.2467201},
    issn = {10772626},
    keywords = {Brushes, Electronic publishing, Encyclopedias, Internet, Silicon, Visualization}
}

@article{synthGeometry,
    title = {{Synthesizing geometry constructions}},
    year = {2011},
    journal = {ACM SIGPLAN Notices},
    author = {Gulwani, Sumit and Korthikanti, Vijay Anand and Tiwari, Ashish},
    number = {6},
    month = {6},
    pages = {50--61},
    volume = {46},
    publisher = {ACM PUB27 New York, NY, USA},
    url = {https://dl.acm.org/doi/abs/10.1145/1993316.1993505},
    isbn = {9781450306638},
    doi = {10.1145/1993316.1993505},
    issn = {0362-1340},
    keywords = {abstraction, forward and backward analysis, program synthesis, ruler-compass geometry constructions}
}

@article{amulet,
    title = {{The amulet environment: New models for effective user interface software development}},
    year = {1997},
    journal = {IEEE Transactions on Software Engineering},
    author = {Myers, Brad A. and McDaniel, Richard G. and Miller, Robert C. and Ferrency, Alan S. and Faulring, Andrew and Kyle, Bruce D.},
    number = {6},
    pages = {347--365},
    volume = {23},
    doi = {10.1109/32.601073},
    issn = {00985589},
    keywords = {Toolkits, User interface development environments, User interface management systems (uimss), User interface tools}
}

@article{ASSISTment,
    title = {{The ASSISTment builder: Supporting the life cycle of tutoring system content creation}},
    year = {2009},
    journal = {IEEE Transactions on Learning Technologies},
    author = {Razzaq, Leena and Patvarczki, Jozsef and Almeida, Shane F. and Vartak, Manasi and Feng, Mingyu and Heffernan, Neil T. and Koedinger, Kenneth R.},
    number = {2},
    pages = {157--166},
    volume = {2},
    doi = {10.1109/TLT.2009.23},
    issn = {19391382},
    keywords = {Adaptive and intelligent educational systems, Authoring tools, Computer uses in education, E-learning tools}
}

@inproceedings{CTAT,
    title = {{The cognitive tutor authoring tools (CTAT): Preliminary evaluation of efficiency gains}},
    year = {2006},
    booktitle = {International Conference on Intelligent Tutoring Systems},
    author = {Aleven, Vincent and McLaren, Bruce M. and Sewall, Jonathan and Koedinger, Kenneth R.},
    pages = {61--70},
    volume = {4053 LNCS},
    publisher = {Springer, Berlin, Heidelberg},
    url = {https://link.springer.com/chapter/10.1007/11774303_7},
    organization = {Springer},
    address = {Jhongli},
    isbn = {3540351590},
    doi = {10.1007/11774303{\_}7},
    issn = {16113349}
}

@article{grammarOfGraphics,
    title = {{The Grammar of Graphics}},
    year = {2012},
    journal = {Handbook of Computational Statistics},
    author = {Wilkinson, Leland},
    pages = {375--414},
    publisher = {Springer, Berlin, Heidelberg},
    url = {https://link.springer.com/chapter/10.1007/978-3-642-21551-3_13},
    doi = {10.1007/978-3-642-21551-3{\_}13}
}

@article{CW14,
    title = {{The ICAP Framework: Linking Cognitive Engagement to Active Learning Outcomes}},
    year = {2014},
    journal = {Educational Psychologist},
    author = {Chi, Michelene T.H. and Wylie, Ruth},
    number = {4},
    month = {10},
    pages = {219--243},
    volume = {49},
    publisher = {Routledge},
    url = {https://www.tandfonline.com/doi/abs/10.1080/00461520.2014.965823},
    doi = {10.1080/00461520.2014.965823},
    issn = {00461520}
}

@incollection{deliberatePractice,
    title = {{The Influence of Experience and Deliberate Practice on the Development of Superior Expert Performance.}},
    year = {2006},
    booktitle = {The Cambridge handbook of expertise and expert performance.},
    author = {Ericsson, K Anders},
    pages = {683--703},
    publisher = {Cambridge University Press},
    address = {New York, NY, US},
    isbn = {0-521-60081-2 (Paperback); 0-521-84097-X (Hardcover); 978-0-521-60081-1 (Paperback); 978-0-521-84097-2 (Hardcover)},
    doi = {10.1017/CBO9780511816796.038},
    keywords = {*Experience Level, *Individual Differences, *Knowledge Level, *Performance, Skill Learning}
}

@book{Hadamard1997a,
    title = {{The Mathematician's Mind}},
    year = {1997},
    booktitle = {The Mathematician's Mind},
    author = {Hadamard, Jacques},
    month = {12},
    publisher = {Princeton University Press},
    doi = {10.1515/9780691212906/HTML}
}

@article{Moody2009,
    title = {{The physics of notations: Toward a scientific basis for constructing visual notations in software engineering}},
    year = {2009},
    journal = {IEEE Transactions on Software Engineering},
    author = {Moody, Daniel},
    number = {6},
    pages = {756--779},
    volume = {35},
    doi = {10.1109/TSE.2009.67},
    issn = {00985589},
    keywords = {Analysis, Communication, Concrete syntax, Diagrams, Modeling, Visual syntax, Visualization}
}

@article{Pike2009,
    title = {{The Science of Interaction:}},
    year = {2009},
    journal = {http://dx.doi.org/10.1057/ivs.2009.22},
    author = {Pike, William A. and Stasko, John and Chang, Remco and O'Connell, Theresa A.},
    number = {4},
    month = {1},
    pages = {263--274},
    volume = {8},
    publisher = {SAGE PublicationsSage UK: London, England},
    url = {https://journals.sagepub.com/doi/abs/10.1057/ivs.2009.22},
    doi = {10.1057/IVS.2009.22},
    issn = {14738716},
    keywords = {collaboration, interaction theory, reasoning, visual analytics}
}

@article{RT07,
    title = {{The shuffling of mathematics problems improves learning}},
    year = {2007},
    journal = {Instructional Science},
    author = {Rohrer, Doug and Taylor, Kelli},
    number = {6},
    month = {11},
    pages = {481--498},
    volume = {35},
    publisher = {Springer},
    url = {https://link.springer.com/article/10.1007/s11251-007-9015-8},
    doi = {10.1007/s11251-007-9015-8},
    issn = {00204277},
    keywords = {Block, Distribute, Interleave, Mass, Mathematics, Mix, Practice, Spacing}
}

@article{thinglab,
    title = {{Thinglab--A Constraint-Oriented Simulation Laboratory}},
    year = {1979},
    journal = {Stanford Univ. report STANCS-79-746},
    author = {Boming, Alan}
}

@incollection{Tversky2009,
    title = {{Thinking with Sketches}},
    year = {2009},
    booktitle = {Tools for Innovation},
    author = {Tversky, Barbara and Suwa, Masaki},
    month = {9},
    publisher = {Oxford University Press},
    url = {https://academic.oup.com/book/7628/chapter/152650177},
    isbn = {9780199870264},
    doi = {10.1093/acprof:oso/9780195381634.003.0004},
    keywords = {Creativity, Design, Diagram, Discovery, Reconfigure, Sketch}
}

@article{Yi2007a,
    title = {{Toward a deeper understanding of the role of interaction in information visualization}},
    year = {2007},
    journal = {IEEE Transactions on Visualization and Computer Graphics},
    author = {Yi, Ji Soo and Kang, Youn Ah and Stasko, John T. and Jacko, Julie A.},
    number = {6},
    month = {11},
    pages = {1224--1231},
    volume = {13},
    doi = {10.1109/TVCG.2007.70515},
    issn = {10772626},
    keywords = {Information visualization, Interaction, Interaction techniques, Taxonomy, Visual analytics}
}

@article{infovizInteractionFramework,
    title = {{Toward a deeper understanding of the role of interaction in information visualization}},
    year = {2007},
    journal = {IEEE Transactions on Visualization and Computer Graphics},
    author = {Yi, Ji Soo and Kang, Youn Ah and Stasko, John T. and Jacko, Julie A.},
    number = {6},
    month = {11},
    pages = {1224--1231},
    volume = {13},
    doi = {10.1109/TVCG.2007.70515},
    issn = {10772626},
    keywords = {Information visualization, Interaction, Interaction techniques, Taxonomy, Visual analytics}
}

@article{groundedAndAbstractReps,
    title = {{Trade-Offs Between Grounded and Abstract Representations: Evidence From Algebra Problem Solving}},
    year = {2008},
    journal = {Cognitive Science},
    author = {Koedinger, Kenneth R. and Alibali, Martha W. and Nathan, Mitchell J.},
    number = {2},
    month = {3},
    pages = {366--397},
    volume = {32},
    publisher = {John Wiley {\&} Sons, Ltd},
    doi = {10.1080/03640210701863933},
    issn = {1551-6709},
    keywords = {Abstraction, Algebra, External representation, Grounding, Problem solving}
}

@article{Mulero2007,
    title = {{Two-dimensional Minkowski sum optimization of ganged stamping blank layouts for use on pre-cut sheet metal for convex and concave parts}},
    year = {2007},
    journal = {Journal of Manufacturing Systems},
    author = {Mulero, Rafael and Layton, Bradley},
    number = {1},
    month = {1},
    pages = {44--52},
    volume = {26},
    publisher = {Elsevier},
    doi = {10.1016/j.jmsy.2007.10.001},
    issn = {02786125}
}

@article{Wang2019,
    title = {{Upgrade: Sourcing student open-ended solutions to create scalable learning opportunities}},
    year = {2019},
    journal = {Proceedings of the 6th 2019 ACM Conference on Learning at Scale, L@S 2019},
    author = {Wang, Xu and Talluri, Srinivasa Teja and Rose, Carolyn and Koedinger, Kenneth},
    month = {6},
    publisher = {Association for Computing Machinery, Inc},
    url = {https://doi.org/10.1145/3330430.3333614},
    isbn = {9781450368049},
    doi = {10.1145/3330430.3333614},
    keywords = {Crowdsourcing, Deliberate practice, Multiple-choice question, Online education, Open-ended assignment}
}

@article{cognitiveDimensions,
    title = {{Usability analysis of visual programming environments: A 'cognitive dimensions' framework}},
    year = {1996},
    journal = {Journal of Visual Languages and Computing},
    author = {Green, T. R.G. and Petre, M.},
    number = {2},
    month = {6},
    pages = {131--174},
    volume = {7},
    publisher = {Academic Press},
    doi = {10.1006/jvlc.1996.0009},
    issn = {1045926X}
}

@article{usabilityInteractionTools,
    title = {{Usability requirements for interaction-oriented development tools}},
    year = {2010},
    journal = {Psychology of Programming},
    author = {Letondal, Catherine and Chatty, Stéphane and Phillips, W Greg and Andr{\'{e}}, Fabien and Conversy, Stéphane},
    pages = {12--26},
    publisher = {Citeseer}
}

@article{article,
    title = {{Using Meta-Heuristics for Constraint-Based 3D Objects Layout}},
    year = {2004},
    journal = {Intelligenza Artificiale - IA},
    author = {Larive, Mathieu and Roux, Olivier and Gaildrat, Véronique}
}

@article{PV94,
    title = {{Variability of Worked Examples and Transfer of Geometrical Problem-Solving Skills: A Cognitive-Load Approach}},
    year = {1994},
    journal = {Journal of Educational Psychology},
    author = {Paas, Fred G.W.C. and Van Merri{\"{e}}nboer, Jeroen J.G.},
    number = {1},
    pages = {122--133},
    volume = {86},
    doi = {10.1037/0022-0663.86.1.122},
    issn = {00220663}
}

@article{vegalite,
    title = {{Vega-Lite: A Grammar of Interactive Graphics}},
    year = {2017},
    journal = {IEEE Transactions on Visualization and Computer Graphics},
    author = {Satyanarayan, Arvind and Moritz, Dominik and Wongsuphasawat, Kanit and Heer, Jeffrey},
    number = {1},
    month = {1},
    pages = {341--350},
    volume = {23},
    publisher = {IEEE Computer Society},
    doi = {10.1109/TVCG.2016.2599030},
    issn = {10772626},
    pmid = {27875150},
    keywords = {Information visualization, declarative specification, interaction, systems, toolkits}
}

@book{Carter2009,
    title = {{Visual Group Theory}},
    year = {2009},
    booktitle = {Visual Group Theory},
    author = {Carter, Nathan},
    volume = {32},
    publisher = {American Mathematical Society},
    url = {https://www.ams.org/clrm/032},
    isbn = {978-0-88385-757-1},
    doi = {10.1090/clrm/032}
}

@incollection{Barwise2019,
    title = {{Visual information and valid reasoning}},
    year = {2019},
    booktitle = {Philosophy And The Computer},
    author = {Barwise, Jon and Etchemendy, John},
    pages = {160--182},
    url = {https://academic.oup.com/book/40816/chapter/348782106},
    isbn = {9780429301629},
    doi = {10.1093/oso/9780195104271.003.0005}
}

@book{Moktefi2013,
    title = {{Visual reasoning with diagrams}},
    year = {2013},
    booktitle = {Visual Reasoning with Diagrams},
    author = {Moktefi, Amirouche and Shin, Sun Joo},
    month = {1},
    pages = {1--200},
    publisher = {Springer Basel},
    isbn = {9783034806008},
    doi = {10.1007/978-3-0348-0600-8}
}

@article{Alper2017a,
    title = {{Visualization literacy at elementary school}},
    year = {2017},
    journal = {Conference on Human Factors in Computing Systems - Proceedings},
    author = {Alper, Basak and Riche, Nathalie Henry and Chevalier, Fanny and Boy, Jeremy and Sezgin, Metin},
    month = {5},
    pages = {5485--5497},
    volume = {2017-May},
    publisher = {Association for Computing Machinery},
    url = {http://dx.doi.org/10.1145/3025453.3025877},
    isbn = {9781450346559},
    doi = {10.1145/3025453.3025877},
    keywords = {Qualitative analysis, Visualization literacy}
}

@article{Tversky2011,
    title = {{Visualizing Thought}},
    year = {2011},
    journal = {Topics in Cognitive Science},
    author = {Tversky, Barbara},
    number = {3},
    month = {7},
    pages = {499--535},
    volume = {3},
    publisher = {John Wiley {\&} Sons, Ltd},
    url = {https://onlinelibrary.wiley.com/doi/10.1111/j.1756-8765.2010.01113.x},
    doi = {10.1111/j.1756-8765.2010.01113.x},
    issn = {1756-8757},
    keywords = {Action, Analogy, Diagrams, Gesture, Metaphor, Spatial cognition, Visual communication}
}

@article{learningWithRepresentations,
    title = {{What recent research on diagrams suggests about learning with rather than learning from visual representations in science}},
    year = {2016},
    journal = {International Journal of Science Education},
    author = {Tippett, Christine D.},
    number = {5},
    month = {4},
    pages = {725--746},
    volume = {38},
    publisher = {Routledge},
    url = {https://www.tandfonline.com/doi/abs/10.1080/09500693.2016.1158435},
    doi = {10.1080/09500693.2016.1158435},
    issn = {14645289},
    keywords = {Diagram, Language, Metasynthesis, Science literacy, Visual representation}
}

@article{Li2021,
    title = {{Whatwe can learn from visual artists about sofware development}},
    year = {2021},
    journal = {Conference on Human Factors in Computing Systems - Proceedings},
    author = {Li, Jingyi and Hashim, Sonia and Jacobs, Jennifer},
    month = {5},
    publisher = {Association for Computing Machinery},
    doi = {10.1145/3411764.3445682},
    keywords = {Creativity support tools, Software development, Visual art}
}

@article{DiagramsThousandWords,
    title = {{Why a Diagram is (Sometimes) Worth Ten Thousand Words}},
    year = {1987},
    journal = {Cognitive Science},
    author = {Larkin, Jill H. and Simon, Herbert A.},
    number = {1},
    month = {1},
    pages = {65--100},
    volume = {11},
    publisher = {No longer published by Elsevier},
    doi = {10.1016/S0364-0213(87)80026-5},
    issn = {0364-0213}
}

@article{Embretson1998AReasoning,
    title = {{A Cognitive Design System Approach to Generating Valid Tests: Application to Abstract Reasoning}},
    year = {1998},
    journal = {Psychological Methods},
    author = {Embretson, Susan E.},
    number = {3},
    pages = {380--396},
    volume = {3},
    publisher = {American Psychological Association Inc.},
    doi = {10.1037/1082-989X.3.3.380},
    issn = {1082989X}
}

@article{Pan2023ADiagrams,
    title = {{A Human-Computer Collaborative Editing Tool for Conceptual Diagrams}},
    year = {2023},
    journal = {Proceedings of the 2023 CHI Conference on Human Factors in Computing Systems},
    author = {Pan, Lihang and Yu, Chun and He, Zhe and Shi, Yuanchun},
    month = {4},
    pages = {1--29},
    publisher = {ACM},
    url = {https://dl.acm.org/doi/10.1145/3544548.3580676},
    address = {New York, NY, USA},
    isbn = {9781450394215},
    doi = {10.1145/3544548.3580676}
}

@article{Cox2021ADetection,
    title = {{A Review of Methods to Compute Minkowski Operations for Geometric Overlap Detection}},
    year = {2021},
    journal = {IEEE Transactions on Visualization and Computer Graphics},
    author = {Cox, Wesley and While, Lyndon and Reynolds, Mark},
    number = {8},
    month = {8},
    pages = {3377--3396},
    volume = {27},
    publisher = {IEEE Computer Society},
    doi = {10.1109/TVCG.2020.2976922},
    issn = {19410506},
    pmid = {32142441},
    keywords = {Collision avoidance, computational geometry, configuration space, minkowski sum, no-fit polygon, reviews}
}

@article{Kurdi2020APurposes,
    title = {{A Systematic Review of Automatic Question Generation for Educational Purposes}},
    year = {2020},
    journal = {International Journal of Artificial Intelligence in Education},
    author = {Kurdi, Ghader and Leo, Jared and Parsia, Bijan and Sattler, Uli and Al-Emari, Salam},
    number = {1},
    month = {3},
    pages = {121--204},
    volume = {30},
    publisher = {Springer},
    url = {https://link.springer.com/article/10.1007/s40593-019-00186-y},
    doi = {10.1007/S40593-019-00186-Y/TABLES/17},
    issn = {15604306},
    keywords = {Assessment, Automatic question generation, Difficulty prediction, Education, Natural language generation, Natural language processing, Semantic Web}
}

@article{Andersen2013AProgressions,
    title = {{A trace-based framework for analyzing and synthesizing educational progressions}},
    year = {2013},
    journal = {Conference on Human Factors in Computing Systems - Proceedings},
    author = {Andersen, Erik and Gulwani, Sumit and Popovi{\'{c}}, Zoran},
    pages = {773--782},
    url = {https://dl.acm.org/doi/10.1145/2470654.2470764},
    isbn = {9781450318990},
    doi = {10.1145/2470654.2470764},
    keywords = {Education, Execution traces, Games, Problem generation}
}

@article{Batra2015AcceleratingPipeline,
    title = {{Accelerating vector graphics rendering using the graphics hardware pipeline}},
    year = {2015},
    journal = {ACM Transactions on Graphics (TOG)},
    author = {Batra, Vineet and Kilgard, Mark J. and Kumar, Harish and Lorach, Tristan},
    number = {4},
    month = {7},
    pages = {146},
    volume = {34},
    publisher = {{\\\}		ACM{\\\}		PUB27{\\\}		New York, NY, USA{\\\}	},
    url = {https://dl.acm.org/doi/10.1145/2766968},
    isbn = {9781450333313},
    doi = {10.1145/2766968},
    issn = {15577368},
    keywords = {OpenGL, illustrator, path rendering, vector graphics}
}

@article{Dyer2022ApplyingInformation,
    title = {{Applying cognitive principles to model-finding output: the positive value of negative information}},
    year = {2022},
    journal = {Proceedings of the ACM on Programming Languages},
    author = {Dyer, Tristan and Nelson, Tim and Fisler, Kathi and Krishnamurthi, Shriram},
    number = {OOPSLA1},
    month = {4},
    volume = {6},
    publisher = {{\\\}		ACM{\\\}		PUB27{\\\}		New York, NY, USA{\\\}	},
    url = {https://dl.acm.org/doi/10.1145/3527323},
    doi = {10.1145/3527323},
    issn = {24751421},
    keywords = {Alloy, cognitive science, model finding, user studies}
}

@article{Pane1996AssessingInstruction,
    title = {{Assessing dynamics in computer-based instruction}},
    year = {1996},
    journal = {Conference on Human Factors in Computing Systems - Proceedings},
    author = {Pane, John F. and Corbett, Albert T. and John, Bonnie E.},
    pages = {197--204},
    publisher = {ACM},
    doi = {10.1145/238386.238482},
    keywords = {animation, computer-based leaming, multimedia, simulation}
}

@article{Yang2022AutomaticOutlook,
    title = {{Automatic Item Generation of Figural Analogy Problems: A Review and Outlook}},
    year = {2022},
    author = {Yang, Yuan and Sanyal, Deepayan and Michelson, Joel and Ainooson, James and Kunda, Maithilee},
    month = {1},
    url = {https://arxiv.org/abs/2201.08450v1 http://arxiv.org/abs/2201.08450},
    arxivId = {2201.08450}
}

@article{Kern2008AutomationPlacement,
    title = {{Automation and the Map Label Placement Problem: A Comparison of Two GIS Implementations of Label Placement}},
    year = {2008},
    journal = {Cartographic Perspectives},
    author = {Kern, Jill Phelps and Brewer, Cynthia A.},
    number = {60},
    month = {6},
    pages = {22--45},
    publisher = {NACIS (North American Cartographic Information Society)},
    url = {https://cartographicperspectives.org/index.php/journal/article/view/cp60-kern-brewer},
    doi = {10.14714/CP60.230},
    issn = {1048-9053},
    keywords = {GIS mapping, automated label placement, map design, utility map  labeling}
}

@article{Maras2011Client-sideSlicing,
    title = {{Client-side web application slicing}},
    year = {2011},
    journal = {2011 26th IEEE/ACM International Conference on Automated Software Engineering, ASE 2011, Proceedings},
    author = {Maras, Josip and Carlson, Jan and Crnkovi{\'{c}}, Ivica},
    pages = {504--507},
    isbn = {9781457716393},
    doi = {10.1109/ASE.2011.6100110},
    keywords = {JavaScript, code reuse, dynamic program slicing, web application}
}

@article{Ruan2022Closed-formBoundaries,
    title = {{Closed-form Minkowski sums of convex bodies with smooth positively curved boundaries}},
    year = {2022},
    journal = {Computer-Aided Design},
    author = {Ruan, Sipu and Chirikjian, Gregory S.},
    month = {2},
    pages = {103133},
    volume = {143},
    publisher = {Elsevier},
    doi = {10.1016/J.CAD.2021.103133},
    issn = {0010-4485},
    arxivId = {2012.15461},
    keywords = {Computational geometry, Computer-aided design, Minkowski sums}
}

@article{Edwards2009CoherentReaction,
    title = {{Coherent reaction}},
    year = {2009},
    journal = {Proceedings of the Conference on Object-Oriented Programming Systems, Languages, and Applications, OOPSLA},
    author = {Edwards, Jonathan},
    pages = {925--932},
    url = {https://dl.acm.org/doi/10.1145/1639950.1640058},
    isbn = {9781605587660},
    doi = {10.1145/1639950.1640058},
    keywords = {Bidirectional functions, Functional reactive programming, Interactive systems, Reactive systems, Synchronous reactive programming, Trees}
}

@article{Horvath2023ConceptualMechanics,
    title = {{Conceptual diagrams in Quantum Mechanics}},
    year = {2023},
    journal = {Astronomische Nachrichten},
    author = {Horvath, Jorge E and Fernandes, Rodrigo Rosas and Paulo, São and Correspondence, Brazil},
    month = {3},
    pages = {e20230046},
    publisher = {John Wiley {\&} Sons, Ltd},
    url = {https://onlinelibrary.wiley.com/doi/full/10.1002/asna.20230046 https://onlinelibrary.wiley.com/doi/abs/10.1002/asna.20230046 https://onlinelibrary.wiley.com/doi/10.1002/asna.20230046},
    doi = {10.1002/ASNA.20230046},
    issn = {1521-3994},
    keywords = {Quantum Mechanics, diagrams, philosophy}
}

@article{Satyanarayan2014DeclarativeVisualization,
    title = {{Declarative interaction design for data visualization}},
    year = {2014},
    journal = {UIST 2014 - Proceedings of the 27th Annual ACM Symposium on User Interface Software and Technology},
    author = {Satyanarayan, Arvind and Wongsuphasawat, Kanit and Heer, Jeffrey},
    month = {10},
    pages = {669--678},
    publisher = {Association for Computing Machinery},
    url = {https://dl.acm.org/doi/10.1145/2642918.2647360},
    isbn = {9781450330695},
    doi = {10.1145/2642918.2647360},
    keywords = {Declarative design, Interaction design, Toolkits, Visualization, toolkits}
}

@article{Moreno2004DecreasingMultimedia,
    title = {{Decreasing Cognitive Load for Novice Students: Effects of Explanatory versus Corrective Feedback in Discovery-Based Multimedia}},
    year = {2004},
    journal = {Instructional Science 2004 32:1},
    author = {Moreno, Roxana},
    number = {1},
    pages = {99--113},
    volume = {32},
    publisher = {Springer},
    url = {https://link.springer.com/article/10.1023/B:TRUC.0000021811.66966.1d},
    doi = {10.1023/B:TRUC.0000021811.66966.1D},
    issn = {1573-1952},
    keywords = {Educational Psychology, Learning and Instruction, Pedagogic Psychology}
}

@article{Fuhrman2018DevelopingQuestions,
    title = {{Developing Good Multiple-Choice Tests and Test Questions}},
    year = {2018},
    journal = {https://doi.org/10.5408/1089-9995-44.4.379},
    author = {Fuhrman, Miriam},
    number = {4},
    pages = {379--384},
    volume = {44},
    publisher = {National Association of Geology Teachers},
    url = {https://www.tandfonline.com/doi/abs/10.5408/1089-9995-44.4.379},
    doi = {10.5408/1089-9995-44.4.379},
    issn = {10899995},
    pmid = {i0022-1368-44-4-379},
    keywords = {Education – testing and evaluation, education – geoscience}
}

@article{Hutchins2009DirectInterfaces,
    title = {{Direct Manipulation Interfaces}},
    year = {2009},
    journal = {https://doi.org/10.1207/s15327051hci0104{\_}2},
    author = {Hutchins, Edwin L. and Hollan, James D. and Norman, Donald A.},
    number = {4},
    pages = {311--338},
    volume = {1},
    publisher = { Lawrence Erlbaum Associates, Inc. },
    url = {https://www.tandfonline.com/doi/abs/10.1207/s15327051hci0104_2},
    doi = {10.1207/S15327051HCI0104{\_}2},
    issn = {15327051}
}

@article{Ledo2018EvaluationResearch,
    title = {{Evaluation strategies for HCI Toolkit research}},
    year = {2018},
    journal = {Conference on Human Factors in Computing Systems - Proceedings},
    author = {Ledo, David and Houben, Steven and Vermeulen, Jo and Marquardt, Nicolai and Oehlberg, Lora and Greenberg, Saul},
    month = {4},
    volume = {2018-April},
    publisher = {Association for Computing Machinery},
    url = {https://dl.acm.org/doi/10.1145/3173574.3173610},
    isbn = {9781450356206},
    doi = {10.1145/3173574.3173610},
    keywords = {Design, Evaluation, Prototyping, Toolkits, User interfaces}
}

@article{Ledo2018EvaluationResearchb,
    title = {{Evaluation strategies for HCI Toolkit research}},
    year = {2018},
    journal = {Conference on Human Factors in Computing Systems - Proceedings},
    author = {Ledo, David and Houben, Steven and Vermeulen, Jo and Marquardt, Nicolai and Oehlberg, Lora and Greenberg, Saul},
    month = {4},
    volume = {2018-April},
    publisher = {Association for Computing Machinery},
    url = {https://dl.acm.org/doi/10.1145/3173574.3173610},
    isbn = {9781450356206},
    doi = {10.1145/3173574.3173610},
    keywords = {Design, Evaluation, Prototyping, Toolkits, User interfaces}
}

@article{Fogh2018ExplorableOut,
    title = {{Explorable Explanations: What are they? What do they explain? How do we work with them? Let{\&}apos;s find out}},
    year = {2018},
    author = {Fogh, Jesper Hyldahl},
    publisher = {Malm{\"{o}} universitet/Kultur och samh{\"{a}}lle},
    url = {https://urn.kb.se/resolve?urn=urn:nbn:se:mau:diva-23326},
    keywords = {Engineering and Technology, Teknik och teknologier, educational software, interaction design, neural networks}
}

@article{Jayagopal2022ExploringProgrammers,
    title = {{Exploring the Learnability of Program Synthesizers by Novice Programmers}},
    year = {2022},
    journal = {UIST 2022 - Proceedings of the 35th Annual ACM Symposium on User Interface Software and Technology},
    author = {Jayagopal, Dhanya and Lubin, Justin and Chasins, Sarah E.},
    month = {10},
    publisher = {Association for Computing Machinery, Inc},
    url = {https://dl.acm.org/doi/10.1145/3526113.3545659},
    isbn = {9781450393201},
    doi = {10.1145/3526113.3545659},
    keywords = {learnability, novice programmers, program synthesis, qualitative, thematic analysis}
}

@article{AckermannFromExperiment,
    title = {{From De-contextualized to Situated Knowledge: Revisiting Piaget's Water-Level Experiment}},
    author = {Ackermann, Edith K}
}

@article{Myers1995GarnetInterfaces,
    title = {{Garnet Comprehensive Support for Graphical, Highly Interactive User Interfaces}},
    year = {1995},
    journal = {Readings in Human–Computer Interaction},
    author = {Myers, Brad A. and Giuse, Dario A. and Dannenberg, Roger B. and Zanden, Brad Vander and Kosbie, David S. and Pervin, Edward and Mickish, Andrew and Marchal, Philippe},
    month = {1},
    pages = {357--371},
    publisher = {Morgan Kaufmann},
    doi = {10.1016/B978-0-08-051574-8.50037-6}
}

@article{Myers1990Garnet:Interfaces,
    title = {{Garnet: Comprehensive Support for Graphical, Highly Interactive User Interfaces}},
    year = {1990},
    journal = {Computer},
    author = {Myers, Brad A. and Giuse, Dario A. and Dannenberg, Roger B. and Vander Zanden, Brad and Kosbie, David S. and Pervin, Edward and Mickish, Andrew and Marchal, Philippe},
    number = {11},
    pages = {71--85},
    volume = {23},
    doi = {10.1109/2.60882},
    issn = {00189162}
}

@article{Wilson2003HarnessingProgramming,
    title = {{Harnessing curiosity to increase correctness in end-user programming}},
    year = {2003},
    journal = {Conference on Human Factors in Computing Systems - Proceedings},
    author = {Wilson, Aaron and Burnett, Margaret and Beckwith, Laura and Granatir, Orion and Casburn, Ledah and Cook, Curtis and Durham, Mike and Rothermel, Gregg},
    pages = {305--312},
    url = {https://dl.acm.org/doi/10.1145/642611.642665},
    isbn = {1581136307},
    doi = {10.1145/642611.642665},
    keywords = {Assertions, Curiosity, End-user software engineering}
}

@article{McCoubrie2009ImprovingReview,
    title = {{Improving the fairness of multiple-choice questions: a literature review}},
    year = {2009},
    journal = {http://dx.doi.org/10.1080/01421590400013495},
    author = {McCoubrie, Paul},
    number = {8},
    month = {12},
    pages = {709--712},
    volume = {26},
    publisher = {Taylor {\&} Francis},
    url = {https://www.tandfonline.com/doi/abs/10.1080/01421590400013495},
    doi = {10.1080/01421590400013495},
    issn = {0142159X},
    pmid = {15763874}
}

@article{Koedinger2015LearningMOOC,
    title = {{Learning is not a spectator sport: Doing is better than watching for learning from a MOOC}},
    year = {2015},
    journal = {L@S 2015 - 2nd ACM Conference on Learning at Scale},
    author = {Koedinger, Kenneth R. and McLaughlin, Elizabeth A. and Kim, Jihee and Jia, Julianna Zhuxin and Bier, Norman L.},
    month = {3},
    pages = {111--120},
    publisher = {Association for Computing Machinery},
    url = {https://dl.acm.org/doi/10.1145/2724660.2724681},
    isbn = {9781450334112},
    doi = {10.1145/2724660.2724681},
    keywords = {Course effectiveness, Learning by doing, Learning prediction, MOOCs, OER, Open education}
}

@article{Thurston1994OnMathematics,
    title = {{On proof and progress in mathematics}},
    year = {1994},
    journal = {Bulletin of the American Mathematical Society},
    author = {Thurston, William P.},
    number = {2},
    month = {4},
    pages = {161--177},
    volume = {30},
    url = {https://arxiv.org/abs/math/9404236v1},
    doi = {10.1090/S0273-0979-1994-00502-6},
    issn = {02730979},
    arxivId = {math/9404236}
}

@article{Lim2018Ply:Webpages,
    title = {{Ply: A visual web inspector for learning from professional webpages}},
    year = {2018},
    journal = {UIST 2018 - Proceedings of the 31st Annual ACM Symposium on User Interface Software and Technology},
    author = {Lim, Sarah and Hibschman, Joshua and Zhang, Haoqi and O'Rourke, Eleanor},
    month = {10},
    pages = {991--1002},
    publisher = {Association for Computing Machinery, Inc},
    isbn = {9781450359481},
    doi = {10.1145/3242587.3242660},
    keywords = {Authentic learning, CSS, Developer tools, Web inspection}
}

@inproceedings{Rho2022PreparingCompetencies,
    title = {{Preparing Future Learning with Novel Visuals by Supporting Representational Competencies}},
    year = {2022},
    booktitle = {Lecture Notes in Computer Science (including subseries Lecture Notes in Artificial Intelligence and Lecture Notes in Bioinformatics)},
    author = {Rho, Jihyun and Rau, Martina A. and Van Veen, Barry D.},
    pages = {66--77},
    volume = {13355 LNCS},
    publisher = {Springer Science and Business Media Deutschland GmbH},
    url = {https://link.springer.com/chapter/10.1007/978-3-031-11644-5_6},
    isbn = {9783031116438},
    doi = {10.1007/978-3-031-11644-5{\_}6},
    issn = {16113349},
    keywords = {Future learning, Representational competencies, Visualizations}
}

@article{Ayabe2022Problem-appropriateSolving,
    title = {{Problem-appropriate diagram instruction for improving mathematical word problem solving}},
    year = {2022},
    journal = {Frontiers in Psychology},
    author = {Ayabe, Hiroaki and Manalo, Emmanuel and Vries, Erica de},
    month = {10},
    pages = {6113},
    volume = {13},
    publisher = {Frontiers Media S.A.},
    doi = {10.3389/fpsyg.2022.992625},
    issn = {16641078},
    keywords = {Japanese students, cognitive load, instructional methods, mathematical word problem solving, multiple baseline design, representational effect, self-constructed diagrams, visual representation}
}

@article{Matzen2010RecreatingProperties,
    title = {{Recreating raven's: Software for systematically generating large numbers of raven-like matrix problems with normed properties}},
    year = {2010},
    journal = {Behavior Research Methods},
    author = {Matzen, Laura E. and Benz, Zachary O. and Dixon, Kevin R. and Posey, Jamie and Kroger, James K. and Speed, Ann E.},
    number = {2},
    month = {5},
    pages = {525--541},
    volume = {42},
    doi = {10.3758/BRM.42.2.525},
    issn = {1554351X},
    pmid = {20479184}
}

@article{Tversky2012RepresentingThought,
    title = {{Representing category and continuum: Visualizing thought}},
    year = {2012},
    journal = {Lecture Notes in Computer Science (including subseries Lecture Notes in Artificial Intelligence and Lecture Notes in Bioinformatics)},
    author = {Tversky, Barbara and Corter, James E. and Yu, Lixiu and Mason, David L. and Nickerson, Jeffrey V.},
    pages = {23--34},
    volume = {7352 LNAI},
    publisher = {Springer, Berlin, Heidelberg},
    url = {https://link.springer.com/chapter/10.1007/978-3-642-31223-6_8},
    doi = {10.1007/978-3-642-31223-6{\_}8/COVER},
    issn = {03029743},
    keywords = {design, diagrams, information systems, networks, reasoning, spatial metaphors}
}

@article{Hornke1986Rule-BasedFramework,
    title = {{Rule-Based Item Bank Construction and Evaluation Within the Linear Logistic Framework}},
    year = {1986},
    journal = {Applied Psychological Measurement},
    author = {Hornke, Lutz F. and Habon, Michael W.},
    number = {4},
    month = {12},
    pages = {369--380},
    volume = {10},
    publisher = {Sage PublicationsSage CA: Thousand Oaks, CA},
    url = {https://journals.sagepub.com/doi/10.1177/014662168601000405},
    doi = {10.1177/014662168601000405},
    issn = {15523497}
}

@article{Hurley2010SolvingConventions,
    title = {{Solving problems using matrix, network, and hierarchy diagrams: The consequences of violating construction conventions}},
    year = {2010},
    journal = {Quarterly Journal of Experimental Psychology},
    author = {Hurley, Sean M. and Novick, Laura R.},
    number = {2},
    month = {2},
    pages = {275--290},
    volume = {63},
    publisher = {SAGE PublicationsSage UK: London, England},
    url = {https://journals.sagepub.com/doi/10.1080/17470210902888908},
    doi = {10.1080/17470210902888908},
    issn = {17470218},
    pmid = {19440931},
    keywords = {Conventions, Diagrams, Problem solving, Representations}
}

@article{McCracken2001TextProblem-solving,
    title = {{Text to diagram to symbol: Representational transformations in problem-solving}},
    year = {2001},
    journal = {Proceedings - Frontiers in Education Conference},
    author = {McCracken, W. M. and Newstetter, W. C.},
    volume = {2},
    doi = {10.1109/FIE.2001.963721},
    issn = {01905848},
    keywords = {Education, Learning, Literacy, Problem-solving}
}

@article{VanLehn2006TheSystems,
    title = {{The Behavior of Tutoring Systems}},
    year = {2006},
    journal = {International Journal of Artificial Intelligence in Education},
    author = {VanLehn, Kurt},
    number = {3},
    month = {1},
    pages = {227--265},
    volume = {16},
    publisher = {IOS Press},
    issn = {1560-4292}
}

@article{Goldstone2010ThePerception,
    title = {{The Education of Perception}},
    year = {2010},
    journal = {Topics in Cognitive Science},
    author = {Goldstone, Robert L. and Landy, David H. and Son, Ji Y.},
    number = {2},
    month = {4},
    pages = {265--284},
    volume = {2},
    publisher = {John Wiley {\&} Sons, Ltd},
    url = {https://onlinelibrary.wiley.com/doi/full/10.1111/j.1756-8765.2009.01055.x https://onlinelibrary.wiley.com/doi/abs/10.1111/j.1756-8765.2009.01055.x https://onlinelibrary.wiley.com/doi/10.1111/j.1756-8765.2009.01055.x},
    doi = {10.1111/J.1756-8765.2009.01055.X},
    issn = {1756-8765},
    pmid = {25163789},
    keywords = {Complex systems, Education, Mathematical reasoning, Perceptual learning, Scientific reasoning}
}

@article{Johnson2014TheLearning,
    title = {{The Feedback Principle in Multimedia Learning}},
    year = {2014},
    journal = {The Cambridge Handbook of Multimedia Learning, Second Edition},
    author = {Johnson, Cheryl I. and Priest, Heather A.},
    month = {1},
    pages = {449--463},
    publisher = {Cambridge University Press},
    url = {https://www.cambridge.org/core/books/cambridge-handbook-of-multimedia-learning/feedback-principle-in-multimedia-learning/F52480F8ED64AE42AA8D999E9460C08F},
    isbn = {9781139547369},
    doi = {10.1017/CBO9781139547369.023}
}

@article{Gierl2012TheGeneration,
    title = {{The Role of Item Models in Automatic Item Generation}},
    year = {2012},
    journal = {International Journal of Testing},
    author = {Gierl, Mark J. and Lai, Hollis},
    number = {3},
    month = {7},
    pages = {273--298},
    volume = {12},
    publisher = {Taylor {\&} Francis Group},
    url = {https://www.tandfonline.com/doi/abs/10.1080/15305058.2011.635830},
    doi = {10.1080/15305058.2011.635830},
    issn = {15305058},
    keywords = {automatic item generation, computer based testing, test development}
}

@article{Cordy2006TheLanguage,
    title = {{The TXL source transformation language}},
    year = {2006},
    journal = {Science of Computer Programming},
    author = {Cordy, James R.},
    number = {3},
    month = {8},
    pages = {190--210},
    volume = {61},
    publisher = {Elsevier},
    doi = {10.1016/J.SCICO.2006.04.002},
    issn = {0167-6423},
    keywords = {Functional programming, Grammars, Source transformation, Term rewriting}
}

@article{Pantziara2009UsingProblems,
    title = {{Using diagrams as tools for the solution of non-routine mathematical problems}},
    year = {2009},
    journal = {Educational Studies in Mathematics},
    author = {Pantziara, Marilena and Gagatsis, Athanasios and Elia, Iliada},
    number = {1},
    month = {2},
    pages = {39--60},
    volume = {72},
    publisher = {Springer},
    url = {https://link.springer.com/article/10.1007/s10649-009-9181-5},
    doi = {10.1007/S10649-009-9181-5/FIGURES/15},
    issn = {00131954},
    keywords = {Diagrams, Hierarchy, Implicative analysis, Matrix, Network, Non-routine problems, Structural equation modeling}
}

@inproceedings{Onishi2022WaddleWalls:Partitions,
    title = {{WaddleWalls: Room-scale Interactive Partitioning System using a Swarm of Robotic Partitions}},
    year = {2022},
    booktitle = {UIST 2022 - Proceedings of the 35th Annual ACM Symposium on User Interface Software and Technology},
    author = {Onishi, Yuki and Takashima, Kazuki and Higashiyama, Shoi and Fujita, Kazuyuki and Kitamura, Yoshifumi},
    month = {10},
    publisher = {Association for Computing Machinery, Inc},
    url = {https://dl.acm.org/doi/10.1145/3526113.3545615},
    isbn = {9781450393201},
    doi = {10.1145/3526113.3545615},
    keywords = {Robotic Furniture, Shape-Changing Device, Spatial Input}
}

@article{Carpenter1990WhatTest,
    title = {{What one intelligence test measures: A theoretical account of the processing in the Raven progressive matrices test}},
    year = {1990},
    journal = {Psychological Review},
    author = {Carpenter, Patricia A. and Just, Marcel Adam and Shell, Peter},
    number = {3},
    pages = {404--431},
    volume = {97},
    publisher = {American Psychological Association Inc.},
    doi = {10.1037/0033-295X.97.3.404},
    issn = {0033295X},
    pmid = {2381998}
}